{1:F21AGBKBDDHA0995782856207}{4:{177:2411271414}{451:0}}{1:F01AGBKBDDHA0995782856207}{2:I950EZYRGB2LXXXXN}{4:
:20:AGBKFRDBFC2021
:25:7102
:28C:11/376
:60F:C241125BDT586617571,97
:61:241125D499998,00S1031000138979921
:61:241125D499999,00S1031000138979922
:61:241125D499999,00S1031000138979923
:61:241125D499997,00S1031000138979925
:61:241125D499999,00S1031000138979927
:61:241125D499999,00S1031000138979930
:61:241125D499999,00S1031000138979932
:61:241125D499998,00S1031000138979933
:61:241125D499999,00S1031000138979935
:61:241125D499998,00S1031000138979939
:61:241125D499999,00S1031000138979940
:61:241125D499997,00S1031000138979946
:61:241125D499996,00S1031000138979951
:61:241125D499995,00S1031000138979957
:61:241125D499998,00S1031000138979960
:61:241125D499992,00S1031000138979962
:61:241125D499999,00S1031000138979968
:61:241125D499990,00S1031000138979969
:61:241125D499998,00S1031000138979971
:61:241125D499990,00S1031000138979972
:61:241125D446861,38S1031000138979975
:61:241125D446543,06S1031000138979978
:61:241125D499989,00S1031000138979995
:61:241125D499988,00S1031000138980005
:61:241125D499990,00S1031000138980006
:61:241125D500000,00S1031000138980008
:61:241125D487805,00S1031000138980016
:61:241125D500000,00S1031000138980017
:62F:C241125BDT572736456,53
-}{5:{CHK:9A7FFA26F9CC}}                                                                                                                                                                                                              {1:F21AGBKBDDHA0995782856208}{4:{177:2411271414}{451:0}}{1:F01AGBKBDDHA0995782856208}{2:I950EZYRGB2LXXXXN}{4:
:20:AGBKFRDBFC2021
:25:7102
:28C:11/377
:60F:C241125BDT572736456,53
:61:241125D400000,00S1031000138980018
:61:241125D487805,00S1031000138980035
:61:241125D400000,00S1031000138980043
:61:241125D499992,00S1031000138980060
:61:241125D499515,00S1031000138980064
:61:241125D27978,00S1031000138980076
:61:241125D499996,00S1031000138980080
:61:241125D499999,00S1031000138980083
:61:241125D500000,00S1031000138980090
:61:241125D500000,00S1031000138980093
:61:241125D499990,00S1031000138980095
:61:241125D174020,00S1031000138980108
:61:241125D435000,00S1031000138980109
:61:241125D330365,00S1031000138980137
:61:241125D499997,00S1031000138980141
:61:241125D499786,00S1031000138980146
:61:241125D70000,00S1031000138980163
:61:241125D499992,00S1031000138980167
:61:241125D499000,00S1031000138980179
:61:241125D487805,00S1031000138980197
:61:241125D487805,00S1031000138980207
:61:241125D450000,00S1031000138980221
:61:241125D485854,00S1031000138980230
:61:241125D400000,00S1031000138980243
:61:241125D499500,00S1031000138980256
:61:241125D169940,00S1031000138980266
:61:241125D500000,00S1031000138980288
:61:241125D60000,00S1031000138980289
:62F:C241125BDT561372117,53
-}{5:{CHK:39B795902ED4}}                                                                                                                                                                                                                 {1:F21AGBKBDDHA0995782856209}{4:{177:2411271415}{451:0}}{1:F01AGBKBDDHA0995782856209}{2:I950EZYRGB2LXXXXN}{4:
:20:AGBKFRDBFC2021
:25:7102
:28C:11/378
:60F:C241125BDT561372117,53
:61:241125D500000,00S1031000138980292
:61:241125D292167,56S1031000138980294
:61:241125D184000,00S1031000138980300
:61:241125D500000,00S1031000138980338
:61:241125D80000,00S1031000138980339
:61:241125D500000,00S1031000138980358
:61:241125D223060,00S1031000138980360
:61:241125D15010,00S1031000138980372
:61:241125D291849,28S1031000138980384
:61:241125D30000,00S1031000138980399
:61:241125D499999,00S1031000138980446
:61:241125D499998,00S1031000138980460
:61:241125D47240,00S1031000138980489
:61:241125D50000,00S1031000138980490
:61:241125D499998,00S1031000138980493
:61:241125D40000,00S1031000138980510
:61:241125D499998,00S1031000138980537
:61:241125D500000,00S1031000138980568
:61:241125D499997,00S1031000138980573
:61:241125D476781,56S1031000138980597
:61:241125D445105,00S1031000138980615
:61:241125D499999,00S1031000138980633
:61:241125D487806,00S1031000138980642
:61:241125D487810,00S1031000138980656
:61:241125D390243,00S1031000138980660
:61:241125D19000,00S1031000138980668
:61:241125D396100,00S1031000138980680
:61:241125D500000,00S1031000138980696
:62F:C241125BDT551915956,13
-}{5:{CHK:F583D6D47758}}                                                                                                                                                                                                                     {1:F21AGBKBDDHA0995782856210}{4:{177:2411271415}{451:0}}{1:F01AGBKBDDHA0995782856210}{2:I950EZYRGB2LXXXXN}{4:
:20:AGBKFRDBFC2021
:25:7102
:28C:11/379
:60F:C241125BDT551915956,13
:61:241125D485000,00S1031000138980698
:61:241125D500000,00S1031000138980704
:61:241125D23000,00S1031000138980790
:61:241125D487805,00S1031000138980791
:61:241125D413251,00S1031000138980798
:61:241125D171213,56S1031000138980819
:61:241125D500000,00S1031000138980835
:61:241125D487815,00S1031000138980860
:61:241125D15440,00S1031000138980862
:61:241125D31160,00S1031000138980865
:61:241125D145253,00S1031000138980893
:61:241125D125855,00S1031000138980902
:61:241125D500000,00S1031000138980924
:61:241125D58540,00S1031000138980942
:61:241125D487805,00S1031000138980959
:61:241125D100000,00S1031000138980965
:61:241125D418000,00S1031000138980981
:61:241125D50000,00S1031000138980991
:61:241125D500000,00S1031000138981023
:61:241125D487500,00S1031000138981050
:61:241125D49000,00S1031000138981125
:61:241125D195125,00S1031000138981166
:61:241125D65000,00S1031000138981196
:61:241125D500000,00S1031000138981228
:61:241125D487805,00S1031000138981324
:61:241125D500000,00S1031000138981361
:61:241125D349571,00S1031000138981367
:61:241125D487815,00S1031000138981413
:62F:C241125BDT543294002,57
-}{5:{CHK:5429535BC2B5}}                                                                                                                                                                                                                     {1:F21AGBKBDDHA0995782856211}{4:{177:2411271415}{451:0}}{1:F01AGBKBDDHA0995782856211}{2:I950EZYRGB2LXXXXN}{4:
:20:AGBKFRDBFC2021
:25:7102
:28C:11/380
:60F:C241125BDT543294002,57
:61:241125D500000,00S1031000138981428
:61:241125D499999,00S1031000138981467
:61:241125D487816,00S1031000138981470
:61:241125D398050,00S1031000138981488
:61:241125D390245,00S1031000138981518
:61:241125D500000,00S1031000138981528
:61:241125D100000,00S1031000138981535
:61:241125D63151,00S1031000138981565
:61:241125D29000,00S1031000138981584
:61:241125D537260,00S1031000138981602
:61:241125D50000,00S1031000138981603
:61:241125D500000,00S1031000138981622
:61:241125D500000,00S1031000138981639
:61:241125D294080,00S1031000138981643
:61:241125D60000,00S1031000138981660
:61:241125D50900,00S1031000138981685
:61:241125D50000,00S1031000138981691
:61:241125D45000,00S1031000138981810
:61:241125D499500,00S1031000138981811
:61:241125D499800,00S1031000138981831
:61:241125D292699,00S1031000138981844
:61:241125D30000,00S1031000138981882
:61:241125D487805,00S1031000138981916
:61:241125D499982,00S1031000138981980
:61:241125D35000,00S1031000138982001
:61:241125D395125,00S1031000138982042
:61:241125D200000,00S1031000138982057
:61:241125D100000,00S1031000138982064
:62F:C241125BDT535198590,57
-}{5:{CHK:E60350AE6354}}                                                                                                                                                                                                                       {1:F21AGBKBDDHA0995782856212}{4:{177:2411271415}{451:0}}{1:F01AGBKBDDHA0995782856212}{2:I950EZYRGB2LXXXXN}{4:
:20:AGBKFRDBFC2021
:25:7102
:28C:11/381
:60F:C241125BDT535198590,57
:61:241125D487000,00S1031000138982122
:61:241125D487811,00S1031000138982180
:61:241125D500000,00S1031000138982182
:61:241125D243905,00S1031000138982235
:61:241125D487825,00S1031000138982279
:61:241125D500000,00S1031000138982316
:61:241125D485000,00S1031000138982332
:61:241125D400000,00S1031000138982449
:61:241125D45000,00S1031000138982791
:61:241125D50000,00S1031000138982882
:61:241125D18150,00S1031000138982962
:61:241125D30000,00S1031000138983105
:61:241125D60000,00S1031000138983127
:61:241125D60030,00S1031000138983403
:61:241125D40745,00S1031000138983572
:61:241125D70000,00S1031000138983594
:61:241125D200000,00S1031000138983663
:61:241125D59525,00S1031000138983705
:61:241125D20000,00S1031000138983706
:61:241125D24770,00S1031000138983708
:61:241125D30000,00S1031000138983729
:61:241125D40007,00S1031000138983783
:61:241125D100000,00S1031000138984290
:61:241125D20000,00S1031000138984434
:61:241125D78050,00S1031000138984505
:61:241125D39025,00S1031000138984604
:61:241125D150000,00S1031000138984699
:61:241125D500000,00S1031000138984723
:62F:C241125BDT529971747,57
-}{5:{CHK:0B0A5CCF77AC}}                                                                                                                                                                                                                              {1:F21AGBKBDDHA0995782856213}{4:{177:2411271415}{451:0}}{1:F01AGBKBDDHA0995782856213}{2:I950EZYRGB2LXXXXN}{4:
:20:AGBKFRDBFC2021
:25:7102
:28C:11/382
:60F:C241125BDT529971747,57
:61:241125D200000,00S1031000138984748
:61:241125D48000,00S1031000138984842
:61:241125D153380,00S1031000138985175
:61:241125D240000,00S1031000138985321
:61:241125D25000,00S1031000138985335
:61:241125D47113,55S1031000138985495
:61:241125D100000,00S1031000138985573
:61:241125D499997,00S1031000138985638
:61:241125D477160,00S1031000138985840
:61:241125D3192,00S1031000138985851
:61:241125D126830,00S1031000138985893
:61:241125D100000,00S1031000138985927
:61:241125D65000,00S1031000138986003
:61:241125D30022,00S1031000138986086
:61:241125D25000,00S1031000138986239
:61:241125D45000,00S1031000138986261
:61:241125D60000,00S1031000138986325
:61:241125D45011,00S1031000138986387
:61:241125D24815,00S1031000138986402
:61:241125D32820,00S1031000138986595
:61:241125D39025,00S1031000138986616
:61:241125D300020,00S1031000138986890
:61:241125D22170,00S1031000138986899
:61:241125D70000,00S1031000138986937
:61:241125D322670,00S1031000138986964
:61:241125D139515,00S1031000138987107
:61:241125D497500,00S1031000138987172
:61:241125D100000,00S1031000138987189
:62F:C241125BDT526132507,02
-}{5:{CHK:BEAB6D1A173A}}                                                                                                                                                                                                                              {1:F21AGBKBDDHA0995782856215}{4:{177:2411271416}{451:0}}{1:F01AGBKBDDHA0995782856215}{2:I950EZYRGB2LXXXXN}{4:
:20:AGBKFRDBFC2021
:25:7102
:28C:11/383
:60F:C241125BDT526132507,02
:61:241125D390245,00S1031000138987216
:61:241125D300000,00S1031000138987222
:61:241125D500000,00S1031000138987322
:61:241125D20000,00S1031000138987385
:61:241125D320480,00S1031000138987490
:61:241125D10000,00S1031000138987509
:61:241125D101267,04S1031000138987607
:61:241125D15000,00S1031000138987663
:61:241125D33280,00S1031000138987674
:61:241125D29498,00S1031000138987749
:61:241125D160000,00S1031000138987790
:61:241125D324410,00S1031000138987798
:61:241125D500000,00S1031000138987800
:61:241125D487805,00S1031000138987921
:61:241125D400000,00S1031000138987959
:61:241125D280000,00S1031000138988014
:61:241125D39498,00S1031000138988033
:61:241125D250000,00S1031000138988048
:61:241125D15000,00S1031000138988086
:61:241125D100000,00S1031000138988147
:61:241125D11610,00S1031000138988158
:61:241125D100000,00S1031000138988200
:61:241125D140000,00S1031000138988367
:61:241125D132000,00S1031000138988372
:61:241125D500000,00S1031000138988421
:61:241125D20149,00S1031000138988536
:61:241125D500000,00S1031000138988663
:61:241125D33620,00S1031000138988928
:62F:C241125BDT520418644,98
-}{5:{CHK:04D02442C08E}}                                                                                                                                                                                                                        {1:F21AGBKBDDHA0995782856216}{4:{177:2411271416}{451:0}}{1:F01AGBKBDDHA0995782856216}{2:I950EZYRGB2LXXXXN}{4:
:20:AGBKFRDBFC2021
:25:7102
:28C:11/384
:60F:C241125BDT520418644,98
:61:241125D136500,00S1031000138988944
:61:241125D197232,00S1031000138988984
:61:241125D335058,00S1031000138989041
:61:241125D120000,00S1031000138945098
:61:241125D110000,00S1031000138949397
:61:241125D100000,00S1031000138950988
:61:241125D78000,00S1031000138952459
:61:241125D60019,00S1031000138952460
:61:241125D50149,00S1031000138952534
:61:241125D79040,00S1031000138952863
:61:241125D3335,00S1031000138952919
:61:241125D366324,00S1031000138952945
:61:241125D12776,00S1031000138953081
:61:241125D30000,00S1031000138953685
:61:241125D80000,00S1031000138953804
:61:241125D100027,00S1031000138953846
:61:241125D248000,00S1031000138953885
:61:241125D50000,00S1031000138953948
:61:241125D39795,00S1031000138953951
:61:241125D243910,00S1031000138954007
:61:241125D100000,00S1031000138954034
:61:241125D26390,00S1031000138954087
:61:241125D112214,00S1031000138954147
:61:241125D487820,00S1031000138954167
:61:241125D37000,00S1031000138954175
:61:241125D31165,00S1031000138954188
:61:241125D20000,00S1031000138954194
:61:241125D210000,00S1031000138954199
:62F:C241125BDT516953890,98
-}{5:{CHK:E4A978FD2B52}}                                                                                                                                                                                                                             {1:F21AGBKBDDHA0995782856217}{4:{177:2411271416}{451:0}}{1:F01AGBKBDDHA0995782856217}{2:I950EZYRGB2LXXXXN}{4:
:20:AGBKFRDBFC2021
:25:7102
:28C:11/385
:60F:C241125BDT516953890,98
:61:241125D48785,00S1031000138954203
:61:241125D330000,00S1031000138954231
:61:241125D487820,00S1031000138954254
:61:241125D110737,00S1031000138954260
:61:241125D32783,00S1031000138954268
:61:241125D150000,00S1031000138954301
:61:241125D120000,00S1031000138954303
:61:241125D500000,00S1031000138954322
:61:241125D499750,00S1031000138954325
:61:241125D60000,00S1031000138954338
:61:241125D292685,00S1031000138954341
:61:241125D20000,00S1031000138954350
:61:241125D30000,00S1031000138954352
:61:241125D150000,00S1031000138954356
:61:241125D40000,00S1031000138954358
:61:241125D335328,00S1031000138954375
:61:241125D95000,00S1031000138954382
:61:241125D50000,00S1031000138954397
:61:241125D63885,00S1031000138954401
:61:241125D80000,00S1031000138954408
:61:241125D50000,00S1031000138954413
:61:241125D100000,00S1031000138954427
:61:241125D105168,00S1031000138954430
:61:241125D40017,00S1031000138954433
:61:241125D66528,00S1031000138954441
:61:241125D31225,00S1031000138954443
:61:241125D100088,00S1031000138954448
:61:241125D71060,00S1031000138954455
:62F:C241125BDT512893031,98
-}{5:{CHK:C13FC6F52924}}                                                                                                                                                                                                                             {1:F21AGBKBDDHA0995782856218}{4:{177:2411271416}{451:0}}{1:F01AGBKBDDHA0995782856218}{2:I950EZYRGB2LXXXXN}{4:
:20:AGBKFRDBFC2021
:25:7102
:28C:11/386
:60F:C241125BDT512893031,98
:61:241125D50000,00S1031000138954457
:61:241125D800000,00S1031000138954468
:61:241125D97565,00S1031000138954481
:61:241125D21000,00S1031000138954495
:61:241125D29568,00S1031000138954497
:61:241125D151200,00S1031000138954508
:61:241125D167328,00S1031000138954509
:61:241125D334830,00S1031000138954529
:61:241125D100000,00S1031000138954540
:61:241125D30000,00S1031000138954564
:61:241125D334830,00S1031000138954569
:61:241125D30038,00S1031000138954582
:61:241125D500000,00S1031000138954587
:61:241125D503163,00S1031000138954592
:61:241125D480000,00S1031000138954595
:61:241125D100000,00S1031000138954606
:61:241125D40013,00S1031000138954610
:61:241125D149586,00S1031000138954617
:61:241125D1073600,00S1031000138954621
:61:241125D352033,00S1031000138954631
:61:241125D200000,00S1031000138954644
:61:241125D500000,00S1031000138954651
:61:241125D82874,00S1031000138954680
:61:241125D180000,00S1031000138954685
:61:241125D120000,00S1031000138954686
:61:241125D80000,00S1031000138954704
:61:241125D36300,00S1031000138954734
:61:241125D31370,00S1031000138954735
:62F:C241125BDT506317733,98
-}{5:{CHK:7F2097A6DD1E}}                                                                                                                                                                                                                        {1:F21AGBKBDDHA0995782856219}{4:{177:2411271417}{451:0}}{1:F01AGBKBDDHA0995782856219}{2:I950EZYRGB2LXXXXN}{4:
:20:AGBKFRDBFC2021
:25:7102
:28C:11/387
:60F:C241125BDT506317733,98
:61:241125D450000,00S1031000138954759
:61:241125D97565,00S1031000138954784
:61:241125D184130,00S1031000138954790
:61:241125D73395,00S1031000138954795
:61:241125D24000,00S1031000138954803
:61:241125D206298,00S1031000138954830
:61:241125D92030,00S1031000138954832
:61:241125D469450,00S1031000138954836
:61:241125D100000,00S1031000138954839
:61:241125D15000,00S1031000138954840
:61:241125D50000,00S1031000138954847
:61:241125D40599,00S1031000138954856
:61:241125D200000,00S1031000138954860
:61:241125D66450,00S1031000138954867
:61:241125D293000,00S1031000138954899
:61:241125D251260,00S1031000138954909
:61:241125D267810,00S1031000138954931
:61:241125D146350,00S1031000138954943
:61:241125D100000,00S1031000138954963
:61:241125D50000,00S1031000138954969
:61:241125D100128,00S1031000138954978
:61:241125D100000,00S1031000138954987
:61:241125D200000,00S1031000138954990
:61:241125D110000,00S1031000138954991
:61:241125D292690,00S1031000138955003
:61:241125D15000,00S1031000138955004
:61:241125D15019,00S1031000138955041
:61:241125D9408,00S1031000138955059
:62F:C241125BDT502298151,98
-}{5:{CHK:B5423F371D91}}                                                                                                                                                                                                                           {1:F21AGBKBDDHA0995782856220}{4:{177:2411271417}{451:0}}{1:F01AGBKBDDHA0995782856220}{2:I950EZYRGB2LXXXXN}{4:
:20:AGBKFRDBFC2021
:25:7102
:28C:11/388
:60F:C241125BDT502298151,98
:61:241125D32928,00S1031000138955061
:61:241125D49728,00S1031000138955076
:61:241125D10000,00S1031000138955082
:61:241125D167130,00S1031000138955090
:61:241125D50000,00S1031000138955095
:61:241125D100027,00S1031000138955107
:61:241125D105000,00S1031000138955114
:61:241125D220018,00S1031000138955115
:61:241125D200020,00S1031000138955125
:61:241125D84010,00S1031000138955150
:61:241125D100000,00S1031000138955154
:61:241125D165648,00S1031000138955165
:61:241125D335000,00S1031000138955168
:61:241125D300000,00S1031000138955209
:61:241125D20000,00S1031000138955214
:61:241125D311620,00S1031000138955234
:61:241125D30000,00S1031000138955240
:61:241125D100000,00S1031000138955244
:61:241125D50034,00S1031000138955257
:61:241125D267000,00S1031000138955259
:61:241125D500000,00S1031000138955284
:61:241125D32935,00S1031000138955305
:61:241125D93408,00S1031000138955324
:61:241125D100128,00S1031000138955328
:61:241125D92874,00S1031000138955355
:61:241125D72240,00S1031000138955356
:61:241125D100000,00S1031000138955359
:61:241125D50000,00S1031000138955363
:62F:C241125BDT498558403,98
-}{5:{CHK:2ED625320ADC}}                                                                                                                                                                                                                           {1:F21AGBKBDDHA0995782856222}{4:{177:2411271417}{451:0}}{1:F01AGBKBDDHA0995782856222}{2:I950EZYRGB2LXXXXN}{4:
:20:AGBKFRDBFC2021
:25:7102
:28C:11/389
:60F:C241125BDT498558403,98
:61:241125D300000,00S1031000138955375
:61:241125D192575,00S1031000138955404
:61:241125D52430,00S1031000138955415
:61:241125D69479,80S1031000138955419
:61:241125D23000,00S1031000138955433
:61:241125D64000,00S1031000138955437
:61:241125D500000,00S1031000138955438
:61:241125D500000,00S1031000138955488
:61:241125D62995,00S1031000138955504
:61:241125D93352,00S1031000138955533
:61:241125D200000,00S1031000138955535
:61:241125D35000,00S1031000138955548
:61:241125D40000,00S1031000138955565
:61:241125D33580,00S1031000138955583
:61:241125D10012,00S1031000138955602
:61:241125D91674,00S1031000138955651
:61:241125D100000,00S1031000138955675
:61:241125D200922,00S1031000138955709
:61:241125D220000,00S1031000138955717
:61:241125D235000,00S1031000138955818
:61:241125D33360,00S1031000138955831
:61:241125D103427,00S1031000138955838
:61:241125D336000,00S1031000138955859
:61:241125D267968,00S1031000138955861
:61:241125D31161,00S1031000138955876
:61:241125D770963,60S1031000138955882
:61:241125D399786,00S1031000138955899
:61:241125D500000,00S1031000138955924
:62F:C241125BDT493091718,58
-}{5:{CHK:41BBAC8D52A9}}                                                                                                                                                                                                                           {1:F21AGBKBDDHA0995782856223}{4:{177:2411271418}{451:0}}{1:F01AGBKBDDHA0995782856223}{2:I950EZYRGB2LXXXXN}{4:
:20:AGBKFRDBFC2021
:25:7102
:28C:11/390
:60F:C241125BDT493091718,58
:61:241125D75000,00S1031000138955941
:61:241125D109300,00S1031000138955973
:61:241125D251178,00S1031000138955978
:61:241125D107320,00S1031000138955981
:61:241125D195150,00S1031000138955986
:61:241125D300000,00S1031000138955991
:61:241125D200000,00S1031000138956022
:61:241125D207340,00S1031000138956035
:61:241125D487805,00S1031000138956076
:61:241125D65000,00S1031000138956092
:61:241125D60000,00S1031000138956096
:61:241125D23875,00S1031000138956099
:61:241125D63415,00S1031000138956107
:61:241125D250000,00S1031000138956126
:61:241125D120000,00S1031000138956173
:61:241125D200000,00S1031000138956187
:61:241125D40000,00S1031000138956211
:61:241125D78050,00S1031000138956212
:61:241125D200000,00S1031000138956223
:61:241125D85435,00S1031000138956230
:61:241125D40000,00S1031000138956236
:61:241125D200000,00S1031000138956256
:61:241125D70022,00S1031000138956269
:61:241125D200000,00S1031000138956281
:61:241125D671328,00S1031000138956282
:61:241125D50000,00S1031000138956285
:61:241125D47080,00S1031000138956293
:61:241125D150000,00S1031000138956315
:62F:C241125BDT488544420,58
-}{5:{CHK:700620042918}}                                                                                                                                                                                                                          {1:F21AGBKBDDHA0995782856224}{4:{177:2411271418}{451:0}}{1:F01AGBKBDDHA0995782856224}{2:I950EZYRGB2LXXXXN}{4:
:20:AGBKFRDBFC2021
:25:7102
:28C:11/391
:60F:C241125BDT488544420,58
:61:241125D50000,00S1031000138956337
:61:241125D390245,00S1031000138956351
:61:241125D30000,00S1031000138956371
:61:241125D60000,00S1031000138956381
:61:241125D300000,00S1031000138956387
:61:241125D24530,00S1031000138956392
:61:241125D109038,00S1031000138956396
:61:241125D80000,00S1031000138956398
:61:241125D100000,00S1031000138956399
:61:241125D50000,00S1031000138956418
:61:241125D40000,00S1031000138956425
:61:241125D50000,00S1031000138956434
:61:241125D160515,00S1031000138956438
:61:241125D24500,00S1031000138956439
:61:241125D50000,00S1031000138956451
:61:241125D48785,00S1031000138956466
:61:241125D26865,00S1031000138956486
:61:241125D80000,00S1031000138956491
:61:241125D487825,00S1031000138956496
:61:241125D50370,00S1031000138956499
:61:241125D300000,00S1031000138956506
:61:241125D68880,00S1031000138956526
:61:241125D40000,00S1031000138956529
:61:241125D278208,00S1031000138956531
:61:241125D157826,00S1031000138956532
:61:241125D30000,00S1031000138956549
:61:241125D50000,00S1031000138956559
:61:241125D82000,00S1031000138956562
:62F:C241125BDT485324833,58
-}{5:{CHK:131A48198E3E}}                                                                                                                                                                                                                                 {1:F21AGBKBDDHA0995782856225}{4:{177:2411271418}{451:0}}{1:F01AGBKBDDHA0995782856225}{2:I950EZYRGB2LXXXXN}{4:
:20:AGBKFRDBFC2021
:25:7102
:28C:11/392
:60F:C241125BDT485324833,58
:61:241125D37530,00S1031000138956563
:61:241125D32334,00S1031000138956568
:61:241125D167328,00S1031000138956573
:61:241125D200000,00S1031000138956575
:61:241125D135408,00S1031000138956580
:61:241125D210000,00S1031000138956589
:61:241125D335328,00S1031000138956599
:61:241125D30000,00S1031000138956602
:61:241125D24530,00S1031000138956633
:61:241125D16130,00S1031000138956635
:61:241125D167328,00S1031000138956638
:61:241125D35000,00S1031000138956644
:61:241125D124015,00S1031000138956649
:61:241125D97565,00S1031000138956655
:61:241125D40000,00S1031000138956659
:61:241125D60000,00S1031000138956672
:61:241125D24795,00S1031000138956673
:61:241125D95000,00S1031000138956678
:61:241125D41000,00S1031000138956681
:61:241125D59750,00S1031000138956688
:61:241125D116860,00S1031000138956700
:61:241125D87535,00S1031000138956701
:61:241125D30000,00S1031000138956705
:61:241125D30000,00S1031000138956724
:61:241125D50000,00S1031000138956747
:61:241125D300000,00S1031000138956758
:61:241125D110736,00S1031000138956778
:61:241125D330000,00S1031000138956790
:62F:C241125BDT482336661,58
-}{5:{CHK:2F7402045898}}                                                                                                                                                                                                                               {1:F21AGBKBDDHA0995782856226}{4:{177:2411271418}{451:0}}{1:F01AGBKBDDHA0995782856226}{2:I950EZYRGB2LXXXXN}{4:
:20:AGBKFRDBFC2021
:25:7102
:28C:11/393
:60F:C241125BDT482336661,58
:61:241125D200700,00S1031000138956795
:61:241125D22000,00S1031000138956799
:61:241125D80000,00S1031000138956803
:61:241125D222145,00S1031000138956816
:61:241125D500000,00S1031000138956821
:61:241125D50400,00S1031000138956823
:61:241125D133440,00S1031000138956824
:61:241125D15000,00S1031000138956841
:61:241125D270000,00S1031000138956845
:61:241125D160000,00S1031000138956851
:61:241125D45000,00S1031000138956863
:61:241125D487805,00S1031000138956879
:61:241125D40710,00S1031000138956882
:61:241125D80000,00S1031000138956895
:61:241125D436685,00S1031000138956910
:61:241125D264770,00S1031000138956915
:61:241125D36090,00S1031000138956916
:61:241125D42302,00S1031000138956936
:61:241125D200000,00S1031000138956951
:61:241125D100000,00S1031000138956956
:61:241125D50000,00S1031000138956982
:61:241125D200000,00S1031000138956989
:61:241125D36162,00S1031000138956996
:61:241125D31220,00S1031000138957018
:61:241125D40010,00S1031000138957048
:61:241125D146000,00S1031000138957053
:61:241125D20000,00S1031000138957058
:61:241125D50000,00S1031000138957081
:62F:C241125BDT478376222,58
-}{5:{CHK:C4D3BFAC589B}}                                                                                                                                                                                                                             {1:F21AGBKBDDHA0995782856227}{4:{177:2411271419}{451:0}}{1:F01AGBKBDDHA0995782856227}{2:I950EZYRGB2LXXXXN}{4:
:20:AGBKFRDBFC2021
:25:7102
:28C:11/394
:60F:C241125BDT478376222,58
:61:241125D167328,00S1031000138957103
:61:241125D151525,06S1031000138957105
:61:241125D32000,00S1031000138957110
:61:241125D21692,00S1031000138957116
:61:241125D97270,00S1031000138957123
:61:241125D108000,00S1031000138957130
:61:241125D30000,00S1031000138957133
:61:241125D117100,00S1031000138957146
:61:241125D200928,00S1031000138957150
:61:241125D20000,00S1031000138957156
:61:241125D10000,00S1031000138957157
:61:241125D73230,00S1031000138957181
:61:241125D55000,00S1031000138957183
:61:241125D50000,00S1031000138957185
:61:241125D32120,00S1031000138957187
:61:241125D195130,00S1031000138957192
:61:241125D50000,00S1031000138957199
:61:241125D60080,00S1031000138957200
:61:241125D56414,00S1031000138957209
:61:241125D50000,00S1031000138957222
:61:241125D30000,00S1031000138957229
:61:241125D55000,00S1031000138957252
:61:241125D43008,00S1031000138957262
:61:241125D25000,00S1031000138957263
:61:241125D35000,00S1031000138957273
:61:241125D116859,00S1031000138957274
:61:241125D15000,00S1031000138957280
:61:241125D20000,00S1031000138957299
:62F:C241125BDT476458538,52
-}{5:{CHK:29A919D39DCD}}                                                                                                                                                                                                                                   {1:F21AGBKBDDHA0995782856228}{4:{177:2411271419}{451:0}}{1:F01AGBKBDDHA0995782856228}{2:I950EZYRGB2LXXXXN}{4:
:20:AGBKFRDBFC2021
:25:7102
:28C:11/395
:60F:C241125BDT476458538,52
:61:241125D500000,00S1031000138957302
:61:241125D50000,00S1031000138957309
:61:241125D100000,00S1031000138957312
:61:241125D35000,00S1031000138957345
:61:241125D26880,00S1031000138957365
:61:241125D83500,00S1031000138957369
:61:241125D70000,00S1031000138957377
:61:241125D12000,00S1031000138957379
:61:241125D21168,00S1031000138957386
:61:241125D267970,00S1031000138957394
:61:241125D70000,00S1031000138957397
:61:241125D200000,00S1031000138957416
:61:241125D127000,00S1031000138957422
:61:241125D29527,00S1031000138957423
:61:241125D20025,00S1031000138957428
:61:241125D97565,00S1031000138957472
:61:241125D40000,00S1031000138957484
:61:241125D58560,00S1031000138957485
:61:241125D100000,00S1031000138957490
:61:241125D30004,00S1031000138957552
:61:241125D31162,00S1031000138957561
:61:241125D100000,00S1031000138957570
:61:241125D20000,00S1031000138957574
:61:241125D500000,00S1031000138957577
:61:241125D66450,00S1031000138957580
:61:241125D503328,00S1031000138957583
:61:241125D370000,00S1031000138957587
:61:241125D130000,00S1031000138957595
:62F:C241125BDT472798399,52
-}{5:{CHK:9AD33AAFE21B}}                                                                                                                                                                                                                               {1:F21AGBKBDDHA0995782856229}{4:{177:2411271419}{451:0}}{1:F01AGBKBDDHA0995782856229}{2:I950EZYRGB2LXXXXN}{4:
:20:AGBKFRDBFC2021
:25:7102
:28C:11/396
:60F:C241125BDT472798399,52
:61:241125D88000,00S1031000138957611
:61:241125D224400,00S1031000138957613
:61:241125D26165,00S1031000138957623
:61:241125D30004,00S1031000138957633
:61:241125D335800,00S1031000138957638
:61:241125D50000,00S1031000138957646
:61:241125D50030,00S1031000138957651
:61:241125D50000,00S1031000138957683
:61:241125D101000,00S1031000138957696
:61:241125D78905,00S1031000138957697
:61:241125D5000,00S1031000138957715
:61:241125D150439,00S1031000138957720
:61:241125D40000,00S1031000138957723
:61:241125D32826,00S1031000138957734
:61:241125D53090,00S1031000138957737
:61:241125D341480,00S1031000138957746
:61:241125D70000,00S1031000138957749
:61:241125D341480,00S1031000138957769
:61:241125D24849,00S1031000138957781
:61:241125D50000,00S1031000138957797
:61:241125D170000,00S1031000138957798
:61:241125D15019,00S1031000138957800
:61:241125D408000,00S1031000138957822
:61:241125D142445,00S1031000138957823
:61:241125D10472,00S1031000138957844
:61:241125D341480,00S1031000138957846
:61:241125D30000,00S1031000138957870
:61:241125D32824,00S1031000138957887
:62F:C241125BDT469504691,52
-}{5:{CHK:A45FDA6CD100}}                                                                                                                                                                                                                                 {1:F21AGBKBDDHA0995782856230}{4:{177:2411271419}{451:0}}{1:F01AGBKBDDHA0995782856230}{2:I950EZYRGB2LXXXXN}{4:
:20:AGBKFRDBFC2021
:25:7102
:28C:11/397
:60F:C241125BDT469504691,52
:61:241125D26200,00S1031000138957890
:61:241125D50000,00S1031000138957891
:61:241125D85000,00S1031000138957898
:61:241125D449060,00S1031000138957899
:61:241125D62990,00S1031000138957912
:61:241125D59810,00S1031000138957926
:61:241125D100000,00S1031000138957928
:61:241125D99554,00S1031000138957936
:61:241125D80000,00S1031000138957948
:61:241125D150000,00S1031000138957957
:61:241125D100000,00S1031000138957960
:61:241125D33600,00S1031000138957972
:61:241125D51000,00S1031000138957979
:61:241125D133000,00S1031000138957983
:61:241125D32755,00S1031000138957989
:61:241125D42000,00S1031000138957992
:61:241125D487805,00S1031000138957994
:61:241125D272146,00S1031000138957999
:61:241125D40000,00S1031000138958000
:61:241125D120300,00S1031000138958002
:61:241125D25000,00S1031000138958013
:61:241125D59772,00S1031000138958024
:61:241125D100710,00S1031000138958028
:61:241125D29290,00S1031000138958031
:61:241125D19488,00S1031000138958033
:61:241125D30000,00S1031000138958044
:61:241125D268128,00S1031000138958069
:61:241125D60000,00S1031000138958091
:62F:C241125BDT466437083,52
-}{5:{CHK:05CC5FA19D1C}}                                                                                                                                                                                                                                {1:F21AGBKBDDHA0995782856231}{4:{177:2411271420}{451:0}}{1:F01AGBKBDDHA0995782856231}{2:I950EZYRGB2LXXXXN}{4:
:20:AGBKFRDBFC2021
:25:7102
:28C:11/398
:60F:C241125BDT466437083,52
:61:241125D30000,00S1031000138958092
:61:241125D50000,00S1031000138958094
:61:241125D500000,00S1031000138958098
:61:241125D350000,00S1031000138958112
:61:241125D235000,00S1031000138958127
:61:241125D150000,00S1031000138958132
:61:241125D86688,00S1031000138958133
:61:241125D133648,00S1031000138958152
:61:241125D6000,00S1031000138958153
:61:241125D62000,00S1031000138958154
:61:241125D24600,00S1031000138958157
:61:241125D119617,00S1031000138958167
:61:241125D243915,00S1031000138958168
:61:241125D200000,00S1031000138958171
:61:241125D40010,00S1031000138958178
:61:241125D200000,00S1031000138958179
:61:241125D33000,00S1031000138958185
:61:241125D146360,00S1031000138958187
:61:241125D500000,00S1031000138958188
:61:241125D59775,00S1031000138958193
:61:241125D85000,00S1031000138958201
:61:241125D150000,00S1031000138958204
:61:241125D100000,00S1031000138958206
:61:241125D97565,00S1031000138958216
:61:241125D170000,00S1031000138958231
:61:241125D100000,00S1031000138958234
:61:241125D100000,00S1031000138958245
:61:241125D17640,00S1031000138958246
:62F:C241125BDT462446265,52
-}{5:{CHK:D4909906B9BB}}                                                                                                                                                                                                                           {1:F21AGBKBDDHA0995782856232}{4:{177:2411271420}{451:0}}{1:F01AGBKBDDHA0995782856232}{2:I950EZYRGB2LXXXXN}{4:
:20:AGBKFRDBFC2021
:25:7102
:28C:11/399
:60F:C241125BDT462446265,52
:61:241125D100000,00S1031000138958250
:61:241125D100000,00S1031000138958255
:61:241125D24000,00S1031000138958257
:61:241125D25000,00S1031000138958259
:61:241125D50000,00S1031000138958273
:61:241125D120019,00S1031000138958289
:61:241125D100027,00S1031000138958296
:61:241125D100000,00S1031000138958297
:61:241125D90024,00S1031000138958311
:61:241125D65000,00S1031000138958319
:61:241125D37530,00S1031000138958320
:61:241125D234528,00S1031000138958326
:61:241125D20025,00S1031000138958328
:61:241125D500000,00S1031000138958331
:61:241125D62850,00S1031000138958332
:61:241125D97565,00S1031000138958340
:61:241125D35011,00S1031000138958352
:61:241125D70000,00S1031000138958373
:61:241125D150000,00S1031000138958382
:61:241125D86852,00S1031000138958384
:61:241125D60000,00S1031000138958387
:61:241125D59504,00S1031000138958388
:61:241125D107320,00S1031000138958397
:61:241125D50000,00S1031000138958398
:61:241125D40000,00S1031000138958403
:61:241125D50000,00S1031000138958407
:61:241125D100000,00S1031000138958414
:61:241125D200000,00S1031000138958416
:62F:C241125BDT459711010,52
-}{5:{CHK:B7B33392A1A3}}                                                                                                                                                                                                                               {1:F21AGBKBDDHA0995782856233}{4:{177:2411271420}{451:0}}{1:F01AGBKBDDHA0995782856233}{2:I950EZYRGB2LXXXXN}{4:
:20:AGBKFRDBFC2021
:25:7102
:28C:11/400
:60F:C241125BDT459711010,52
:61:241125D110000,00S1031000138958419
:61:241125D20000,00S1031000138958424
:61:241125D40000,00S1031000138958428
:61:241125D130370,00S1031000138958431
:61:241125D32000,00S1031000138958445
:61:241125D250000,00S1031000138958455
:61:241125D20000,00S1031000138958465
:61:241125D133730,00S1031000138958477
:61:241125D35000,00S1031000138958490
:61:241125D10000,00S1031000138958493
:61:241125D120960,00S1031000138958509
:61:241125D40000,00S1031000138958514
:61:241125D300000,00S1031000138958520
:61:241125D60000,00S1031000138958532
:61:241125D177408,00S1031000138958552
:61:241125D100027,00S1031000138958553
:61:241125D29570,00S1031000138958558
:61:241125D325000,00S1031000138958561
:61:241125D100000,00S1031000138958579
:61:241125D60000,00S1031000138958585
:61:241125D30000,00S1031000138958592
:61:241125D51000,00S1031000138958593
:61:241125D200000,00S1031000138958596
:61:241125D85000,00S1031000138958597
:61:241125D100000,00S1031000138958602
:61:241125D42842,00S1031000138958606
:61:241125D292710,00S1031000138958613
:61:241125D300000,00S1031000138958618
:62F:C241125BDT456515393,52
-}{5:{CHK:3812E2CF168A}}                                                                                                                                                                                                                            {1:F21AGBKBDDHA0995782856234}{4:{177:2411271420}{451:0}}{1:F01AGBKBDDHA0995782856234}{2:I950EZYRGB2LXXXXN}{4:
:20:AGBKFRDBFC2021
:25:7102
:28C:11/401
:60F:C241125BDT456515393,52
:61:241125D150000,00S1031000138958630
:61:241125D40000,00S1031000138958645
:61:241125D100000,00S1031000138958655
:61:241125D50000,00S1031000138958665
:61:241125D16000,00S1031000138958671
:61:241125D390000,00S1031000138958677
:61:241125D32000,00S1031000138958687
:61:241125D268730,00S1031000138958692
:61:241125D25000,00S1031000138958697
:61:241125D60000,00S1031000138958704
:61:241125D100000,00S1031000138958706
:61:241125D29064,00S1031000138958719
:61:241125D82080,00S1031000138958720
:61:241125D40000,00S1031000138958722
:61:241125D62040,00S1031000138958730
:61:241125D33000,00S1031000138958740
:61:241125D39648,00S1031000138958741
:61:241125D300000,00S1031000138958744
:61:241125D121715,00S1031000138958746
:61:241125D50000,00S1031000138958753
:61:241125D29568,00S1031000138958756
:61:241125D25000,00S1031000138958759
:61:241125D98112,00S1031000138958762
:61:241125D135000,00S1031000138958773
:61:241125D100000,00S1031000138958777
:61:241125D117100,00S1031000138958795
:61:241125D100000,00S1031000138958798
:61:241125D439032,00S1031000138958802
:62F:C241125BDT453482304,52
-}{5:{CHK:ED509036C6D4}}                                                                                                                                                                                                                              {1:F21AGBKBDDHA0995782856235}{4:{177:2411271421}{451:0}}{1:F01AGBKBDDHA0995782856235}{2:I950EZYRGB2LXXXXN}{4:
:20:AGBKFRDBFC2021
:25:7102
:28C:11/402
:60F:C241125BDT453482304,52
:61:241125D100000,00S1031000138958819
:61:241125D100000,00S1031000138958826
:61:241125D47069,00S1031000138958838
:61:241125D50000,00S1031000138958845
:61:241125D100000,00S1031000138958846
:61:241125D195150,00S1031000138958851
:61:241125D33360,00S1031000138958854
:61:241125D160000,00S1031000138958857
:61:241125D50000,00S1031000138958864
:61:241125D50000,00S1031000138958870
:61:241125D45000,00S1031000138958877
:61:241125D118000,00S1031000138958885
:61:241125D62850,00S1031000138958891
:61:241125D97565,00S1031000138958906
:61:241125D200000,00S1031000138958907
:61:241125D87820,00S1031000138958908
:61:241125D25032,00S1031000138958912
:61:241125D126655,00S1031000138958923
:61:241125D50000,00S1031000138958925
:61:241125D40488,00S1031000138958926
:61:241125D79000,00S1031000138958942
:61:241125D69520,00S1031000138958949
:61:241125D24800,00S1031000138958952
:61:241125D59975,00S1031000138958970
:61:241125D174050,00S1031000138958975
:61:241125D100128,00S1031000138958978
:61:241125D10000,00S1031000138958983
:61:241125D118000,00S1031000138958989
:62F:C241125BDT451107842,52
-}{5:{CHK:507A76B05958}}                                                                                                                                                                                                                               {1:F21AGBKBDDHA0995782856236}{4:{177:2411271421}{451:0}}{1:F01AGBKBDDHA0995782856236}{2:I950EZYRGB2LXXXXN}{4:
:20:AGBKFRDBFC2021
:25:7102
:28C:11/403
:60F:C241125BDT451107842,52
:61:241125D600000,00S1031000138958994
:61:241125D170000,00S1031000138959006
:61:241125D36170,00S1031000138959016
:61:241125D45000,00S1031000138959046
:61:241125D42982,00S1031000138959051
:61:241125D10000,00S1031000138959057
:61:241125D100000,00S1031000138959083
:61:241125D41000,00S1031000138959090
:61:241125D400000,00S1031000138959096
:61:241125D250000,00S1031000138959099
:61:241125D500000,00S1031000138959117
:61:241125D48790,00S1031000138959118
:61:241125D50000,00S1031000138959145
:61:241125D50030,00S1031000138959161
:61:241125D100000,00S1031000138959165
:61:241125D29570,00S1031000138959194
:61:241125D32000,00S1031000138959211
:61:241125D83333,00S1031000138959217
:61:241125D200000,00S1031000138959219
:61:241125D100000,00S1031000138959231
:61:241125D70000,00S1031000138959250
:61:241125D20000,00S1031000138959256
:61:241125D100000,00S1031000138959278
:61:241125D100000,00S1031000138959283
:61:241125D35000,00S1031000138959297
:61:241125D39872,00S1031000138959301
:61:241125D30000,00S1031000138959304
:61:241125D40032,00S1031000138959306
:62F:C241125BDT447784063,52
-}{5:{CHK:AF561AA09C02}}                                                                                                                                                                                                                               {1:F21AGBKBDDHA0995782856237}{4:{177:2411271421}{451:0}}{1:F01AGBKBDDHA0995782856237}{2:I950EZYRGB2LXXXXN}{4:
:20:AGBKFRDBFC2021
:25:7102
:28C:11/404
:60F:C241125BDT447784063,52
:61:241125D100000,00S1031000138959317
:61:241125D150000,00S1031000138959320
:61:241125D55000,00S1031000138959323
:61:241125D80000,00S1031000138959326
:61:241125D65500,00S1031000138959328
:61:241125D217725,00S1031000138959349
:61:241125D40000,00S1031000138959352
:61:241125D103000,00S1031000138959357
:61:241125D100000,00S1031000138959362
:61:241125D20000,00S1031000138959368
:61:241125D25000,00S1031000138959373
:61:241125D23016,00S1031000138959384
:61:241125D70000,00S1031000138959394
:61:241125D99554,00S1031000138959419
:61:241125D100000,00S1031000138959437
:61:241125D44530,00S1031000138959446
:61:241125D26650,00S1031000138959450
:61:241125D40320,00S1031000138959479
:61:241125D32930,00S1031000138959493
:61:241125D30000,00S1031000138959503
:61:241125D200000,00S1031000138959505
:61:241125D29270,00S1031000138959509
:61:241125D75028,00S1031000138959517
:61:241125D80000,00S1031000138959527
:61:241125D20000,00S1031000138959534
:61:241125D50000,00S1031000138959536
:61:241125D500000,00S1031000138959542
:61:241125D126850,00S1031000138959550
:62F:C241125BDT445279690,52
-}{5:{CHK:4CDF4ADA05DD}}                                                                                                                                                                                                                                 {1:F21AGBKBDDHA0995782856238}{4:{177:2411271422}{451:0}}{1:F01AGBKBDDHA0995782856238}{2:I950EZYRGB2LXXXXN}{4:
:20:AGBKFRDBFC2021
:25:7102
:28C:11/405
:60F:C241125BDT445279690,52
:61:241125D50000,00S1031000138959561
:61:241125D283012,00S1031000138959568
:61:241125D124000,00S1031000138959575
:61:241125D63000,00S1031000138959584
:61:241125D150000,00S1031000138959591
:61:241125D120000,00S1031000138959592
:61:241125D350000,00S1031000138959598
:61:241125D50000,00S1031000138959599
:61:241125D275000,00S1031000138959608
:61:241125D10000,00S1031000138959610
:61:241125D25000,00S1031000138959617
:61:241125D100000,00S1031000138959621
:61:241125D30222,00S1031000138959630
:61:241125D69900,00S1031000138959638
:61:241125D480000,00S1031000138959639
:61:241125D166320,00S1031000138959645
:61:241125D50000,00S1031000138959646
:61:241125D20025,00S1031000138959648
:61:241125D174400,00S1031000138959653
:61:241125D100800,00S1031000138959654
:61:241125D400000,00S1031000138959675
:61:241125D50000,00S1031000138959687
:61:241125D100000,00S1031000138959689
:61:241125D46000,00S1031000138959698
:61:241125D250000,00S1031000138959704
:61:241125D67200,00S1031000138959707
:61:241125D60000,00S1031000138959722
:61:241125D50000,00S1031000138959726
:62F:C241125BDT441564811,52
-}{5:{CHK:00FC1A8435AF}}                                                                                                                                                                                                                            {1:F21AGBKBDDHA0995782856239}{4:{177:2411271422}{451:0}}{1:F01AGBKBDDHA0995782856239}{2:I950EZYRGB2LXXXXN}{4:
:20:AGBKFRDBFC2021
:25:7102
:28C:11/406
:60F:C241125BDT441564811,52
:61:241125D96625,00S1031000138959732
:61:241125D200000,00S1031000138959740
:61:241125D50000,00S1031000138959753
:61:241125D200000,00S1031000138959769
:61:241125D67200,00S1031000138959772
:61:241125D78055,00S1031000138959781
:61:241125D30000,00S1031000138959793
:61:241125D65500,00S1031000138959799
:61:241125D85000,00S1031000138959800
:61:241125D10000,00S1031000138959806
:61:241125D98011,20S1031000138959817
:61:241125D390670,00S1031000138959822
:61:241125D100039,00S1031000138959824
:61:241125D300000,00S1031000138959826
:61:241125D399786,00S1031000138959837
:61:241125D32826,00S1031000138959842
:61:241125D117080,00S1031000138959843
:61:241125D381290,00S1031000138959851
:61:241125D56712,00S1031000138959897
:61:241125D33368,00S1031000138959902
:61:241125D159150,00S1031000138959907
:61:241125D50000,00S1031000138959919
:61:241125D487810,00S1031000138959930
:61:241125D35000,00S1031000138959934
:61:241125D220000,00S1031000138959944
:61:241125D126652,00S1031000138959945
:61:241125D50025,00S1031000138959947
:61:241125D39515,00S1031000138959948
:62F:C241125BDT437604497,32
-}{5:{CHK:D9B65502982E}}                                                                                                                                                                                                                              {1:F21AGBKBDDHA0995782856240}{4:{177:2411271422}{451:0}}{1:F01AGBKBDDHA0995782856240}{2:I950EZYRGB2LXXXXN}{4:
:20:AGBKFRDBFC2021
:25:7102
:28C:11/407
:60F:C241125BDT437604497,32
:61:241125D110620,00S1031000138959961
:61:241125D20000,00S1031000138959966
:61:241125D30025,00S1031000138960013
:61:241125D10000,00S1031000138960016
:61:241125D75725,00S1031000138960039
:61:241125D31499,00S1031000138960043
:61:241125D80000,00S1031000138960047
:61:241125D250000,00S1031000138960055
:61:241125D32826,00S1031000138960056
:61:241125D100000,00S1031000138960062
:61:241125D100000,00S1031000138960067
:61:241125D37163,00S1031000138960068
:61:241125D335328,00S1031000138960080
:61:241125D10000,00S1031000138960093
:61:241125D195150,00S1031000138960102
:61:241125D97565,00S1031000138960108
:61:241125D50000,00S1031000138960110
:61:241125D436257,00S1031000138960117
:61:241125D100000,00S1031000138960119
:61:241125D31830,00S1031000138960121
:61:241125D100000,00S1031000138960151
:61:241125D220000,00S1031000138960167
:61:241125D33560,00S1031000138960175
:61:241125D34600,00S1031000138960194
:61:241125D120000,00S1031000138960198
:61:241125D439060,00S1031000138960206
:61:241125D190000,00S1031000138960216
:61:241125D30000,00S1031000138960238
:62F:C241125BDT434303289,32
-}{5:{CHK:CC0074AEE455}}                                                                                                                                                                                                                             {1:F21AGBKBDDHA0995782856241}{4:{177:2411271422}{451:0}}{1:F01AGBKBDDHA0995782856241}{2:I950EZYRGB2LXXXXN}{4:
:20:AGBKFRDBFC2021
:25:7102
:28C:11/408
:60F:C241125BDT434303289,32
:61:241125D500000,00S1031000138960260
:61:241125D40000,00S1031000138960282
:61:241125D500000,00S1031000138960284
:61:241125D200928,00S1031000138960290
:61:241125D100000,00S1031000138960292
:61:241125D30000,00S1031000138960302
:61:241125D66186,00S1031000138960318
:61:241125D100000,00S1031000138960319
:61:241125D310000,00S1031000138960332
:61:241125D333074,00S1031000138960337
:61:241125D100000,00S1031000138960343
:61:241125D30000,00S1031000138960348
:61:241125D23452,00S1031000138960349
:61:241125D65000,00S1031000138960365
:61:241125D45000,00S1031000138960370
:61:241125D100000,00S1031000138960372
:61:241125D335250,00S1031000138960399
:61:241125D166750,00S1031000138960411
:61:241125D70000,00S1031000138960412
:61:241125D33000,00S1031000138960420
:61:241125D80000,00S1031000138960421
:61:241125D100000,00S1031000138960435
:61:241125D400000,00S1031000138960440
:61:241125D30005,00S1031000138960447
:61:241125D22000,00S1031000138960450
:61:241125D200000,00S1031000138960451
:61:241125D100000,00S1031000138960462
:61:241125D195130,00S1031000138960477
:62F:C241125BDT430027514,32
-}{5:{CHK:23C5732D2B88}}                                                                                                                                                                                                                          {1:F21AGBKBDDHA0995782856242}{4:{177:2411271423}{451:0}}{1:F01AGBKBDDHA0995782856242}{2:I950EZYRGB2LXXXXN}{4:
:20:AGBKFRDBFC2021
:25:7102
:28C:11/409
:60F:C241125BDT430027514,32
:61:241125D150000,00S1031000138960480
:61:241125D39820,00S1031000138960484
:61:241125D115248,00S1031000138960485
:61:241125D62995,00S1031000138960512
:61:241125D150000,00S1031000138960528
:61:241125D318455,00S1031000138960536
:61:241125D30000,00S1031000138960544
:61:241125D292695,00S1031000138960546
:61:241125D13000,00S1031000138960553
:61:241125D100140,00S1031000138960557
:61:241125D56000,00S1031000138960558
:61:241125D45000,00S1031000138960563
:61:241125D195130,00S1031000138960564
:61:241125D100000,00S1031000138960592
:61:241125D140011,00S1031000138960601
:61:241125D32928,00S1031000138960610
:61:241125D20000,00S1031000138960617
:61:241125D300000,00S1031000138960618
:61:241125D84985,00S1031000138960623
:61:241125D90720,00S1031000138960635
:61:241125D18120,00S1031000138960652
:61:241125D50000,00S1031000138960666
:61:241125D40000,00S1031000138960678
:61:241125D30005,00S1031000138960679
:61:241125D100000,00S1031000138960712
:61:241125D20000,00S1031000138960724
:61:241125D100700,00S1031000138960726
:61:241125D35000,00S1031000138960732
:62F:C241125BDT427296562,32
-}{5:{CHK:FC9ADCB93C5A}}                                                                                                                                                                                                                              {1:F21AGBKBDDHA0995782856243}{4:{177:2411271423}{451:0}}{1:F01AGBKBDDHA0995782856243}{2:I950EZYRGB2LXXXXN}{4:
:20:AGBKFRDBFC2021
:25:7102
:28C:11/410
:60F:C241125BDT427296562,32
:61:241125D200000,00S1031000138960743
:61:241125D24530,00S1031000138960747
:61:241125D166700,00S1031000138960750
:61:241125D30075,00S1031000138960751
:61:241125D168000,00S1031000138960755
:61:241125D50000,00S1031000138960768
:61:241125D43008,00S1031000138960771
:61:241125D100000,00S1031000138960774
:61:241125D50000,00S1031000138960794
:61:241125D100000,00S1031000138960802
:61:241125D107460,00S1031000138960804
:61:241125D83300,00S1031000138960813
:61:241125D49725,00S1031000138960815
:61:241125D50000,00S1031000138960827
:61:241125D49728,00S1031000138960834
:61:241125D147000,00S1031000138960839
:61:241125D180028,00S1031000138960843
:61:241125D20000,00S1031000138960852
:61:241125D500000,00S1031000138960861
:61:241125D79970,00S1031000138960868
:61:241125D5000,00S1031000138960892
:61:241125D50000,00S1031000138960894
:61:241125D75000,00S1031000138960895
:61:241125D32815,00S1031000138960909
:61:241125D150000,00S1031000138960918
:61:241125D200000,00S1031000138960923
:61:241125D56630,00S1031000138960928
:61:241125D300000,00S1031000138960960
:62F:C241125BDT424227593,32
-}{5:{CHK:4BD067ED7184}}                                                                                                                                                                                                                               {1:F21AGBKBDDHA0995782856244}{4:{177:2411271423}{451:0}}{1:F01AGBKBDDHA0995782856244}{2:I950EZYRGB2LXXXXN}{4:
:20:AGBKFRDBFC2021
:25:7102
:28C:11/411
:60F:C241125BDT424227593,32
:61:241125D500000,00S1031000138960961
:61:241125D100000,00S1031000138960984
:61:241125D100000,00S1031000138960989
:61:241125D103000,00S1031000138961011
:61:241125D50000,00S1031000138961013
:61:241125D37000,00S1031000138961037
:61:241125D82870,00S1031000138961058
:61:241125D188000,00S1031000138961070
:61:241125D96800,00S1031000138961074
:61:241125D500000,00S1031000138961077
:61:241125D500000,00S1031000138961081
:61:241125D100000,00S1031000138961092
:61:241125D50000,00S1031000138961096
:61:241125D204167,00S1031000138961098
:61:241125D100800,00S1031000138961101
:61:241125D311810,00S1031000138961120
:61:241125D100000,00S1031000138961121
:61:241125D360090,00S1031000138961122
:61:241125D103000,00S1031000138961131
:61:241125D195000,00S1031000138961133
:61:241125D33360,00S1031000138961154
:61:241125D400000,00S1031000138961169
:61:241125D200000,00S1031000138961171
:61:241125D63168,00S1031000138961172
:61:241125D500000,00S1031000138961177
:61:241125D100800,00S1031000138961183
:61:241125D32826,00S1031000138961192
:61:241125D45000,00S1031000138961205
:62F:C241125BDT419069902,32
-}{5:{CHK:1308079F9481}}                                                                                                                                                                                                                       {1:F21AGBKBDDHA0995782856245}{4:{177:2411271424}{451:0}}{1:F01AGBKBDDHA0995782856245}{2:I950EZYRGB2LXXXXN}{4:
:20:AGBKFRDBFC2021
:25:7102
:28C:11/412
:60F:C241125BDT419069902,32
:61:241125D70022,00S1031000138961219
:61:241125D30000,00S1031000138961221
:61:241125D50000,00S1031000138961226
:61:241125D49670,00S1031000138961276
:61:241125D15000,00S1031000138961278
:61:241125D40320,00S1031000138961280
:61:241125D178032,00S1031000138961300
:61:241125D25000,00S1031000138961302
:61:241125D35000,00S1031000138961305
:61:241125D167000,00S1031000138961307
:61:241125D127000,00S1031000138961322
:61:241125D134320,00S1031000138961326
:61:241125D38136,00S1031000138961344
:61:241125D125000,00S1031000138961348
:61:241125D49000,00S1031000138961357
:61:241125D204288,00S1031000138961364
:61:241125D36290,00S1031000138961368
:61:241125D70022,00S1031000138961398
:61:241125D25000,00S1031000138961444
:61:241125D100131,00S1031000138961457
:61:241125D261410,00S1031000138961471
:61:241125D50140,00S1031000138961483
:61:241125D20000,00S1031000138961486
:61:241125D55000,00S1031000138961521
:61:241125D150528,00S1031000138961528
:61:241125D204300,00S1031000138961531
:61:241125D22826,00S1031000138961532
:61:241125D22826,00S1031000138961534
:62F:C241125BDT416713641,32
-}{5:{CHK:D74B59B6A439}}                                                                                                                                                                                                                                {1:F21AGBKBDDHA0995782856246}{4:{177:2411271424}{451:0}}{1:F01AGBKBDDHA0995782856246}{2:I950EZYRGB2LXXXXN}{4:
:20:AGBKFRDBFC2021
:25:7102
:28C:11/413
:60F:C241125BDT416713641,32
:61:241125D10000,00S1031000138961554
:61:241125D170000,00S1031000138961556
:61:241125D38000,00S1031000138961565
:61:241125D20000,00S1031000138961567
:61:241125D39648,00S1031000138961578
:61:241125D130850,00S1031000138961588
:61:241125D39600,00S1031000138961617
:61:241125D110000,00S1031000138961620
:61:241125D25170,00S1031000138961671
:61:241125D101000,00S1031000138961680
:61:241125D32928,00S1031000138961720
:61:241125D30240,00S1031000138961744
:61:241125D36288,00S1031000138961753
:61:241125D133728,00S1031000138961762
:61:241125D167328,00S1031000138961777
:61:241125D95620,00S1031000138961787
:61:241125D260048,00S1031000138961913
:61:241125D107231,00S1031000138961916
:61:241125D95062,00S1031000138961917
:61:241125D71321,00S1031000138961918
:61:241125D400000,00S1031000138961935
:61:241125D100049,00S1031000138961952
:61:241125D32000,00S1031000138961971
:61:241125D71000,00S1031000138961983
:61:241125D30000,00S1031000138961992
:61:241125D60000,00S1031000138962001
:61:241125D91000,00S1031000138962020
:61:241125D60000,00S1031000138962021
:62F:C241125BDT414155530,32
-}{5:{CHK:FFC9D5120FA1}}                                                                                                                                                                                                                                {1:F21AGBKBDDHA0995782856247}{4:{177:2411271424}{451:0}}{1:F01AGBKBDDHA0995782856247}{2:I950EZYRGB2LXXXXN}{4:
:20:AGBKFRDBFC2021
:25:7102
:28C:11/414
:60F:C241125BDT414155530,32
:61:241125D50000,00S1031000138962044
:61:241125D150000,00S1031000138962045
:61:241125D182890,00S1031000138962069
:61:241125D157000,00S1031000138962084
:61:241125D61346,00S1031000138962096
:61:241125D72000,00S1031000138962138
:61:241125D100000,00S1031000138962140
:61:241125D135000,00S1031000138962147
:61:241125D100000,00S1031000138962156
:61:241125D100000,00S1031000138962162
:61:241125D150024,00S1031000138962165
:61:241125D97565,00S1031000138962171
:61:241125D80000,00S1031000138962202
:61:241125D234920,00S1031000138962230
:61:241125D150000,00S1031000138962248
:61:241125D35000,00S1031000138962253
:61:241125D40000,00S1031000138962255
:61:241125D48800,00S1031000138962262
:61:241125D50000,00S1031000138962271
:61:241125D117000,00S1031000138962273
:61:241125D29290,00S1031000138962274
:61:241125D52830,00S1031000138962277
:61:241125D137100,00S1031000138962321
:61:241125D30007,00S1031000138962331
:61:241125D60000,00S1031000138962332
:61:241125D40010,00S1031000138962343
:61:241125D30000,00S1031000138962348
:61:241125D216000,00S1031000138962351
:62F:C241125BDT411448748,32
-}{5:{CHK:6B618D067034}}                                                                                                                                                                                                                             {1:F21AGBKBDDHA0995782856248}{4:{177:2411271424}{451:0}}{1:F01AGBKBDDHA0995782856248}{2:I950EZYRGB2LXXXXN}{4:
:20:AGBKFRDBFC2021
:25:7102
:28C:11/415
:60F:C241125BDT411448748,32
:61:241125D50000,00S1031000138962356
:61:241125D500000,00S1031000138962381
:61:241125D40000,00S1031000138962395
:61:241125D66870,00S1031000138962400
:61:241125D35000,00S1031000138962401
:61:241125D27980,00S1031000138962405
:61:241125D270960,90S1031000138962413
:61:241125D50000,00S1031000138962424
:61:241125D11000,00S1031000138962428
:61:241125D50000,00S1031000138962444
:61:241125D50000,00S1031000138962448
:61:241125D10000,00S1031000138962453
:61:241125D30000,00S1031000138962458
:61:241125D15000,00S1031000138962465
:61:241125D31830,00S1031000138962475
:61:241125D25000,00S1031000138962489
:61:241125D73248,00S1031000138962498
:61:241125D50000,00S1031000138962512
:61:241125D170000,00S1031000138962515
:61:241125D195130,00S1031000138962518
:61:241125D80000,00S1031000138962519
:61:241125D199626,00S1031000138962527
:61:241125D50030,00S1031000138962529
:61:241125D170000,00S1031000138962535
:61:241125D170000,00S1031000138962558
:61:241125D100000,00S1031000138962564
:61:241125D170000,00S1031000138962582
:61:241125D170000,00S1031000138962600
:62F:C241125BDT408587073,42
-}{5:{CHK:785BECFD75D7}}                                                                                                                                                                                                                                {1:F21AGBKBDDHA0995782856249}{4:{177:2411271425}{451:0}}{1:F01AGBKBDDHA0995782856249}{2:I950EZYRGB2LXXXXN}{4:
:20:AGBKFRDBFC2021
:25:7102
:28C:11/416
:60F:C241125BDT408587073,42
:61:241125D50000,00S1031000138962602
:61:241125D33570,00S1031000138962610
:61:241125D170000,00S1031000138962619
:61:241125D170000,00S1031000138962631
:61:241125D200930,00S1031000138962638
:61:241125D350000,00S1031000138962640
:61:241125D200000,00S1031000138962645
:61:241125D200000,00S1031000138962646
:61:241125D170000,00S1031000138962668
:61:241125D300000,00S1031000138962684
:61:241125D30000,00S1031000138962686
:61:241125D165000,00S1031000138962687
:61:241125D33600,00S1031000138962717
:61:241125D125330,00S1031000138962724
:61:241125D100000,00S1031000138962744
:61:241125D40000,00S1031000138962746
:61:241125D200000,00S1031000138962749
:61:241125D66163,00S1031000138962754
:61:241125D26208,00S1031000138962778
:61:241125D210951,00S1031000138962815
:61:241125D27431,00S1031000138962820
:61:241125D300000,00S1031000138962823
:61:241125D50000,00S1031000138962833
:61:241125D100000,00S1031000138962838
:61:241125D70000,00S1031000138962850
:61:241125D195125,00S1031000138962858
:61:241125D170000,00S1031000138962864
:61:241125D32826,00S1031000138962889
:62F:C241125BDT404799939,42
-}{5:{CHK:53B6211E128C}}                                                                                                                                                                                                                         {1:F21AGBKBDDHA0995782856250}{4:{177:2411271425}{451:0}}{1:F01AGBKBDDHA0995782856250}{2:I950EZYRGB2LXXXXN}{4:
:20:AGBKFRDBFC2021
:25:7102
:28C:11/417
:60F:C241125BDT404799939,42
:61:241125D67000,00S1031000138962890
:61:241125D381292,00S1031000138962897
:61:241125D51410,00S1031000138962910
:61:241125D50000,00S1031000138962922
:61:241125D170000,00S1031000138962937
:61:241125D159101,00S1031000138962942
:61:241125D50000,00S1031000138962944
:61:241125D500000,00S1031000138962951
:61:241125D20025,00S1031000138962957
:61:241125D170000,00S1031000138962960
:61:241125D10000,00S1031000138962989
:61:241125D98550,00S1031000138962995
:61:241125D43020,00S1031000138963006
:61:241125D30000,00S1031000138963015
:61:241125D125000,00S1031000138963019
:61:241125D50000,00S1031000138963040
:61:241125D335238,00S1031000138963044
:61:241125D60700,00S1031000138963063
:61:241125D92000,00S1031000138963075
:61:241125D31162,00S1031000138963091
:61:241125D500000,00S1031000138963092
:61:241125D60000,00S1031000138963108
:61:241125D246330,00S1031000138963114
:61:241125D30000,00S1031000138963133
:61:241125D30000,00S1031000138963155
:61:241125D500000,00S1031000138963160
:61:241125D32826,00S1031000138963181
:61:241125D133000,00S1031000138963195
:62F:C241125BDT400773285,42
-}{5:{CHK:6552547F563B}}                                                                                                                                                                                                                               {1:F21AGBKBDDHA0995782856251}{4:{177:2411271425}{451:0}}{1:F01AGBKBDDHA0995782856251}{2:I950EZYRGB2LXXXXN}{4:
:20:AGBKFRDBFC2021
:25:7102
:28C:11/418
:60F:C241125BDT400773285,42
:61:241125D16128,00S1031000138963211
:61:241125D50000,00S1031000138963217
:61:241125D487815,00S1031000138963233
:61:241125D100000,00S1031000138963251
:61:241125D30240,00S1031000138963262
:61:241125D1000,00S1031000138963275
:61:241125D50000,00S1031000138963295
:61:241125D116226,00S1031000138963301
:61:241125D195289,00S1031000138963315
:61:241125D50000,00S1031000138963322
:61:241125D146345,00S1031000138963335
:61:241125D62984,00S1031000138963343
:61:241125D20000,00S1031000138963358
:61:241125D36162,00S1031000138963373
:61:241125D150000,00S1031000138963377
:61:241125D20150,00S1031000138963392
:61:241125D66186,00S1031000138963427
:61:241125D19482,00S1031000138963428
:61:241125D150000,00S1031000138963433
:61:241125D100000,00S1031000138963440
:61:241125D22826,00S1031000138963455
:61:241125D39500,00S1031000138963479
:61:241125D31000,00S1031000138963510
:61:241125D31157,00S1031000138963564
:61:241125D50000,00S1031000138963578
:61:241125D22216,74S1031000138963584
:61:241125D83328,00S1031000138963590
:61:241125D55172,00S1031000138963635
:62F:C241125BDT398570078,68
-}{5:{CHK:CD5243411CF3}}                                                                                                                                                                                                                                   {1:F21AGBKBDDHA0995782856252}{4:{177:2411271425}{451:0}}{1:F01AGBKBDDHA0995782856252}{2:I950EZYRGB2LXXXXN}{4:
:20:AGBKFRDBFC2021
:25:7102
:28C:11/419
:60F:C241125BDT398570078,68
:61:241125D32120,00S1031000138963657
:61:241125D50030,00S1031000138963682
:61:241125D32834,00S1031000138963758
:61:241125D210000,00S1031000138963772
:61:241125D28000,00S1031000138963809
:61:241125D56712,00S1031000138963811
:61:241125D35011,00S1031000138963820
:61:241125D124330,00S1031000138963827
:61:241125D46368,00S1031000138963839
:61:241125D50000,00S1031000138963842
:61:241125D100010,00S1031000138963918
:61:241125D32826,00S1031000138963975
:61:241125D43000,00S1031000138963991
:61:241125D20000,00S1031000138964019
:61:241125D50000,00S1031000138964053
:61:241125D157260,00S1031000138964074
:61:241125D33580,00S1031000138964075
:61:241125D201000,00S1031000138964079
:61:241125D300000,00S1031000138964083
:61:241125D93420,00S1031000138964089
:61:241125D51410,00S1031000138964106
:61:241125D100000,00S1031000138964108
:61:241125D97440,00S1031000138964130
:61:241125D40000,00S1031000138964133
:61:241125D40000,00S1031000138964150
:61:241125D50000,00S1031000138964152
:61:241125D50000,00S1031000138964157
:61:241125D200000,00S1031000138964171
:62F:C241125BDT396244727,68
-}{5:{CHK:B5E0B29AC3A0}}                                                                                                                                                                                                                                  {1:F21AGBKBDDHA0995782856253}{4:{177:2411271426}{451:0}}{1:F01AGBKBDDHA0995782856253}{2:I950EZYRGB2LXXXXN}{4:
:20:AGBKFRDBFC2021
:25:7102
:28C:11/420
:60F:C241125BDT396244727,68
:61:241125D402530,00S1031000138964207
:61:241125D20020,00S1031000138964322
:61:241125D36266,00S1031000138964331
:61:241125D50000,00S1031000138964361
:61:241125D46368,00S1031000138964374
:61:241125D77280,00S1031000138964383
:61:241125D40000,00S1031000138964387
:61:241125D36000,00S1031000138964390
:61:241125D40000,00S1031000138964396
:61:241125D55000,00S1031000138964405
:61:241125D170000,00S1031000138964406
:61:241125D34608,00S1031000138964419
:61:241125D36300,00S1031000138964446
:61:241125D60000,00S1031000138964449
:61:241125D152922,00S1031000138964468
:61:241125D100000,00S1031000138964474
:61:241125D100000,00S1031000138964489
:61:241125D150000,00S1031000138964521
:61:241125D70000,00S1031000138964527
:61:241125D32000,00S1031000138964529
:61:241125D28000,00S1031000138964551
:61:241125D500000,00S1031000138964556
:61:241125D50000,00S1031000138964559
:61:241125D30000,00S1031000138964566
:61:241125D43010,00S1031000138964589
:61:241125D7000,00S1031000138964601
:61:241125D25000,00S1031000138964641
:61:241125D300000,00S1031000138964649
:62F:C241125BDT393552423,68
-}{5:{CHK:3ED35A8F9F33}}                                                                                                                                                                                                                                   {1:F21AGBKBDDHA0995782856254}{4:{177:2411271426}{451:0}}{1:F01AGBKBDDHA0995782856254}{2:I950EZYRGB2LXXXXN}{4:
:20:AGBKFRDBFC2021
:25:7102
:28C:11/421
:60F:C241125BDT393552423,68
:61:241125D50000,00S1031000138964660
:61:241125D150000,00S1031000138964664
:61:241125D100000,00S1031000138964668
:61:241125D77280,00S1031000138964672
:61:241125D50000,00S1031000138964676
:61:241125D100500,00S1031000138964689
:61:241125D30000,00S1031000138964708
:61:241125D47062,00S1031000138964720
:61:241125D22848,00S1031000138964723
:61:241125D40300,00S1031000138964811
:61:241125D110000,00S1031000138964821
:61:241125D490000,00S1031000138964836
:61:241125D200000,00S1031000138964846
:61:241125D66488,00S1031000138964852
:61:241125D50000,00S1031000138964854
:61:241125D65000,00S1031000138964862
:61:241125D168240,00S1031000138964863
:61:241125D150000,00S1031000138964870
:61:241125D100128,00S1031000138964873
:61:241125D117870,00S1031000138964895
:61:241125D59808,00S1031000138964898
:61:241125D368845,00S1031000138964902
:61:241125D200000,00S1031000138964905
:61:241125D5000,00S1031000138964910
:61:241125D90000,00S1031000138964927
:61:241125D251935,00S1031000138964935
:61:241125D246864,00S1031000138964948
:61:241125D150485,00S1031000138964969
:62F:C241125BDT389993770,68
-}{5:{CHK:08A80856CECD}}                                                                                                                                                                                                                            {1:F21AGBKBDDHA0995782856255}{4:{177:2411271426}{451:0}}{1:F01AGBKBDDHA0995782856255}{2:I950EZYRGB2LXXXXN}{4:
:20:AGBKFRDBFC2021
:25:7102
:28C:11/422
:60F:C241125BDT389993770,68
:61:241125D63000,00S1031000138964971
:61:241125D50000,00S1031000138965046
:61:241125D58540,00S1031000138965052
:61:241125D70000,00S1031000138965060
:61:241125D33600,00S1031000138965089
:61:241125D16118,00S1031000138965095
:61:241125D36938,00S1031000138965097
:61:241125D100000,00S1031000138965103
:61:241125D78050,00S1031000138965116
:61:241125D54028,00S1031000138965131
:61:241125D500000,00S1031000138965132
:61:241125D180432,00S1031000138965133
:61:241125D66528,00S1031000138965134
:61:241125D100000,00S1031000138965141
:61:241125D45000,00S1031000138965147
:61:241125D59770,00S1031000138965151
:61:241125D16130,00S1031000138965166
:61:241125D33000,00S1031000138965186
:61:241125D40000,00S1031000138965187
:61:241125D10000,00S1031000138965209
:61:241125D65520,00S1031000138965210
:61:241125D30307,00S1031000138965217
:61:241125D65000,00S1031000138965220
:61:241125D320000,00S1031000138965221
:61:241125D335330,00S1031000138965250
:61:241125D20000,00S1031000138965253
:61:241125D32834,00S1031000138965273
:61:241125D33000,00S1031000138965278
:62F:C241125BDT387480645,68
-}{5:{CHK:85EA48879390}}                                                                                                                                                                                                                                    {1:F21AGBKBDDHA0995782856256}{4:{177:2411271426}{451:0}}{1:F01AGBKBDDHA0995782856256}{2:I950EZYRGB2LXXXXN}{4:
:20:AGBKFRDBFC2021
:25:7102
:28C:11/423
:60F:C241125BDT387480645,68
:61:241125D42000,00S1031000138965281
:61:241125D390000,00S1031000138965283
:61:241125D103488,00S1031000138965285
:61:241125D32928,00S1031000138965302
:61:241125D20000,00S1031000138965306
:61:241125D100000,00S1031000138965310
:61:241125D22848,00S1031000138965344
:61:241125D370000,00S1031000138965361
:61:241125D200000,00S1031000138965362
:61:241125D28000,00S1031000138965366
:61:241125D50000,00S1031000138965368
:61:241125D200000,00S1031000138965390
:61:241125D50000,00S1031000138965406
:61:241125D106850,00S1031000138965448
:61:241125D18010,00S1031000138965456
:61:241125D32500,00S1031000138965459
:61:241125D20000,00S1031000138965463
:61:241125D20000,00S1031000138965466
:61:241125D80000,00S1031000138965467
:61:241125D100000,00S1031000138965482
:61:241125D30235,00S1031000138965493
:61:241125D103000,00S1031000138965500
:61:241125D32928,00S1031000138965515
:61:241125D30000,00S1031000138965522
:61:241125D97570,00S1031000138965524
:61:241125D150000,00S1031000138965528
:61:241125D30000,00S1031000138965530
:61:241125D120000,00S1031000138965533
:62F:C241125BDT384900288,68
-}{5:{CHK:D8A2A9CCA78A}}                                                                                                                                                                                                                               {1:F21AGBKBDDHA0995782856257}{4:{177:2411271427}{451:0}}{1:F01AGBKBDDHA0995782856257}{2:I950EZYRGB2LXXXXN}{4:
:20:AGBKFRDBFC2021
:25:7102
:28C:11/424
:60F:C241125BDT384900288,68
:61:241125D31000,00S1031000138965538
:61:241125D39610,00S1031000138965542
:61:241125D100000,00S1031000138965545
:61:241125D30000,00S1031000138965556
:61:241125D50000,00S1031000138965557
:61:241125D100000,00S1031000138965567
:61:241125D40000,00S1031000138965574
:61:241125D35000,00S1031000138965583
:61:241125D201000,00S1031000138965585
:61:241125D45000,00S1031000138965592
:61:241125D30000,00S1031000138965593
:61:241125D66000,00S1031000138965599
:61:241125D500000,00S1031000138965605
:61:241125D63000,00S1031000138965610
:61:241125D100000,00S1031000138965623
:61:241125D250000,00S1031000138965625
:61:241125D40010,00S1031000138965628
:61:241125D30000,00S1031000138965630
:61:241125D30000,00S1031000138965640
:61:241125D80000,00S1031000138965644
:61:241125D50000,00S1031000138965659
:61:241125D58600,00S1031000138965669
:61:241125D70056,00S1031000138965673
:61:241125D40017,00S1031000138965675
:61:241125D133728,00S1031000138965680
:61:241125D50000,00S1031000138965682
:61:241125D27000,00S1031000138965704
:61:241125D25000,00S1031000138965708
:62F:C241125BDT382585267,68
-}{5:{CHK:8A9343FE024A}}                                                                                                                                                                                                                                   {1:F21AGBKBDDHA0995782856258}{4:{177:2411271427}{451:0}}{1:F01AGBKBDDHA0995782856258}{2:I950EZYRGB2LXXXXN}{4:
:20:AGBKFRDBFC2021
:25:7102
:28C:11/425
:60F:C241125BDT382585267,68
:61:241125D49515,00S1031000138965710
:61:241125D50000,00S1031000138965713
:61:241125D37000,00S1031000138965717
:61:241125D50025,00S1031000138965720
:61:241125D157250,00S1031000138965723
:61:241125D50025,00S1031000138965724
:61:241125D97565,00S1031000138965729
:61:241125D60000,00S1031000138965741
:61:241125D100000,00S1031000138965747
:61:241125D24530,00S1031000138965780
:61:241125D63000,00S1031000138965785
:61:241125D31160,00S1031000138965791
:61:241125D66194,00S1031000138965795
:61:241125D97565,00S1031000138965797
:61:241125D120000,00S1031000138965803
:61:241125D23640,00S1031000138965805
:61:241125D87815,00S1031000138965813
:61:241125D95000,00S1031000138965823
:61:241125D5000,00S1031000138965834
:61:241125D59810,00S1031000138965837
:61:241125D600000,00S1031000138965846
:61:241125D250000,00S1031000138965855
:61:241125D300000,00S1031000138965856
:61:241125D35000,00S1031000138965857
:61:241125D172885,00S1031000138965864
:61:241125D15915,00S1031000138965876
:61:241125D300000,00S1031000138965879
:61:241125D60000,00S1031000138965882
:62F:C241125BDT379526373,68
-}{5:{CHK:D96C74C9F916}}                                                                                                                                                                                                                                   {1:F21AGBKBDDHA0995782856260}{4:{177:2411271427}{451:0}}{1:F01AGBKBDDHA0995782856260}{2:I950EZYRGB2LXXXXN}{4:
:20:AGBKFRDBFC2021
:25:7102
:28C:11/426
:60F:C241125BDT379526373,68
:61:241125D49730,00S1031000138965883
:61:241125D400000,00S1031000138965885
:61:241125D42310,00S1031000138965890
:61:241125D29000,00S1031000138965898
:61:241125D50000,00S1031000138965912
:61:241125D400000,00S1031000138965924
:61:241125D37530,00S1031000138965931
:61:241125D5000,00S1031000138965932
:61:241125D45036,00S1031000138965934
:61:241125D75000,00S1031000138965936
:61:241125D41000,00S1031000138965938
:61:241125D29498,00S1031000138965951
:61:241125D335328,00S1031000138965952
:61:241125D49730,00S1031000138965956
:61:241125D83400,00S1031000138965957
:61:241125D73255,00S1031000138965958
:61:241125D46712,00S1031000138965973
:61:241125D26201,00S1031000138965979
:61:241125D200000,00S1031000138965983
:61:241125D95000,00S1031000138965993
:61:241125D120960,00S1031000138966005
:61:241125D167328,00S1031000138966023
:61:241125D50000,00S1031000138966031
:61:241125D50000,00S1031000138966048
:61:241125D150000,00S1031000138966056
:61:241125D200000,00S1031000138966057
:61:241125D48795,00S1031000138966065
:61:241125D60000,00S1031000138966068
:62F:C241125BDT376565560,68
-}{5:{CHK:C2ECA738786C}}                                                                                                                                                                                                                                   {1:F21AGBKBDDHA0995782856262}{4:{177:2411271427}{451:0}}{1:F01AGBKBDDHA0995782856262}{2:I950EZYRGB2LXXXXN}{4:
:20:AGBKFRDBFC2021
:25:7102
:28C:11/427
:60F:C241125BDT376565560,68
:61:241125D29280,00S1031000138966071
:61:241125D335328,00S1031000138966075
:61:241125D230000,00S1031000138966090
:61:241125D300000,00S1031000138966097
:61:241125D74150,00S1031000138966099
:61:241125D45000,00S1031000138966105
:61:241125D116928,00S1031000138966106
:61:241125D40032,00S1031000138966111
:61:241125D40000,00S1031000138966120
:61:241125D184060,80S1031000138966122
:61:241125D83328,00S1031000138966128
:61:241125D131820,00S1031000138966129
:61:241125D150500,00S1031000138966133
:61:241125D26000,00S1031000138966137
:61:241125D50000,00S1031000138966138
:61:241125D30000,00S1031000138966139
:61:241125D500000,00S1031000138966142
:61:241125D50000,00S1031000138966143
:61:241125D201600,00S1031000138966146
:61:241125D135410,00S1031000138966148
:61:241125D31162,00S1031000138966150
:61:241125D175640,00S1031000138966162
:61:241125D248589,00S1031000138966172
:61:241125D50000,00S1031000138966179
:61:241125D50000,00S1031000138966180
:61:241125D97561,00S1031000138966194
:61:241125D90024,00S1031000138966204
:61:241125D20025,00S1031000138966225
:62F:C241125BDT373049122,88
-}{5:{CHK:BA23B1EB9079}}                                                                                                                                                                                                                              {1:F21AGBKBDDHA0995782856263}{4:{177:2411271428}{451:0}}{1:F01AGBKBDDHA0995782856263}{2:I950EZYRGB2LXXXXN}{4:
:20:AGBKFRDBFC2021
:25:7102
:28C:11/428
:60F:C241125BDT373049122,88
:61:241125D87375,00S1031000138966237
:61:241125D106720,00S1031000138966249
:61:241125D50000,00S1031000138966252
:61:241125D270000,00S1031000138966258
:61:241125D32928,00S1031000138966263
:61:241125D63130,00S1031000138966281
:61:241125D50000,00S1031000138966287
:61:241125D87021,00S1031000138966304
:61:241125D82089,00S1031000138966316
:61:241125D100000,00S1031000138966326
:61:241125D100000,00S1031000138966329
:61:241125D200000,00S1031000138966335
:61:241125D80000,00S1031000138966348
:61:241125D16146,00S1031000138966351
:61:241125D200000,00S1031000138966363
:61:241125D29568,00S1031000138966369
:61:241125D100780,00S1031000138966378
:61:241125D43000,00S1031000138966381
:61:241125D50000,00S1031000138966389
:61:241125D50000,00S1031000138966391
:61:241125D9067,00S1031000138966397
:61:241125D133740,00S1031000138966404
:61:241125D100000,00S1031000138966409
:61:241125D48800,00S1031000138966416
:61:241125D100000,00S1031000138966420
:61:241125D216306,00S1031000138966428
:61:241125D10080,00S1031000138966436
:61:241125D139065,00S1031000138966439
:62F:C241125BDT370493307,88
-}{5:{CHK:255652C29AB0}}                                                                                                                                                                                                                               {1:F21AGBKBDDHA0995782856264}{4:{177:2411271428}{451:0}}{1:F01AGBKBDDHA0995782856264}{2:I950EZYRGB2LXXXXN}{4:
:20:AGBKFRDBFC2021
:25:7102
:28C:11/429
:60F:C241125BDT370493307,88
:61:241125D33000,00S1031000138966444
:61:241125D83340,00S1031000138966458
:61:241125D170000,00S1031000138966466
:61:241125D47555,00S1031000138966476
:61:241125D20000,00S1031000138966479
:61:241125D200000,00S1031000138966484
:61:241125D97565,00S1031000138966494
:61:241125D479808,00S1031000138966497
:61:241125D70000,00S1031000138966503
:61:241125D100000,00S1031000138966513
:61:241125D50000,00S1031000138966515
:61:241125D32000,00S1031000138966517
:61:241125D32930,00S1031000138966527
:61:241125D195150,00S1031000138966528
:61:241125D113000,00S1031000138966534
:61:241125D66540,00S1031000138966550
:61:241125D36270,00S1031000138966551
:61:241125D500000,00S1031000138966563
:61:241125D40000,00S1031000138966564
:61:241125D28000,00S1031000138966577
:61:241125D49720,00S1031000138966593
:61:241125D134400,00S1031000138966596
:61:241125D70020,00S1031000138966598
:61:241125D50800,00S1031000138966605
:61:241125D70560,00S1031000138966606
:61:241125D50000,00S1031000138966615
:61:241125D58540,00S1031000138966618
:61:241125D167130,00S1031000138966630
:62F:C241125BDT367446979,88
-}{5:{CHK:DF875A95B6B2}}                                                                                                                                                                                                                                 {1:F21AGBKBDDHA0995782856265}{4:{177:2411271429}{451:0}}{1:F01AGBKBDDHA0995782856265}{2:I950EZYRGB2LXXXXN}{4:
:20:AGBKFRDBFC2021
:25:7102
:28C:11/430
:60F:C241125BDT367446979,88
:61:241125D39030,00S1031000138966637
:61:241125D100000,00S1031000138966646
:61:241125D100128,00S1031000138966648
:61:241125D50000,00S1031000138966649
:61:241125D20021,00S1031000138966653
:61:241125D50030,00S1031000138966654
:61:241125D75735,00S1031000138966660
:61:241125D234388,00S1031000138966666
:61:241125D63160,00S1031000138966668
:61:241125D100000,00S1031000138966669
:61:241125D70000,00S1031000138966678
:61:241125D25000,00S1031000138966698
:61:241125D21615,00S1031000138966701
:61:241125D40000,00S1031000138966707
:61:241125D70000,00S1031000138966708
:61:241125D150000,00S1031000138966712
:61:241125D130000,00S1031000138966717
:61:241125D35250,00S1031000138966738
:61:241125D24530,00S1031000138966743
:61:241125D60000,00S1031000138966748
:61:241125D38940,00S1031000138966749
:61:241125D150000,00S1031000138966754
:61:241125D146350,00S1031000138966757
:61:241125D40000,00S1031000138966763
:61:241125D50005,00S1031000138966764
:61:241125D50000,00S1031000138966767
:61:241125D97565,00S1031000138966772
:61:241125D135000,00S1031000138966785
:62F:C241125BDT365280232,88
-}{5:{CHK:1D534ABFB933}}                                                                                                                                                                                                                                 {1:F21AGBKBDDHA0995782856266}{4:{177:2411271429}{451:0}}{1:F01AGBKBDDHA0995782856266}{2:I950EZYRGB2LXXXXN}{4:
:20:AGBKFRDBFC2021
:25:7102
:28C:11/431
:60F:C241125BDT365280232,88
:61:241125D32928,00S1031000138966812
:61:241125D50000,00S1031000138966814
:61:241125D108205,00S1031000138966816
:61:241125D220000,00S1031000138966818
:61:241125D8000,00S1031000138966830
:61:241125D20000,00S1031000138966831
:61:241125D34235,00S1031000138966834
:61:241125D43680,00S1031000138966842
:61:241125D70000,00S1031000138966853
:61:241125D150000,00S1031000138966855
:61:241125D246338,00S1031000138966856
:61:241125D97565,00S1031000138966866
:61:241125D402530,00S1031000138966871
:61:241125D335330,00S1031000138966882
:61:241125D100000,00S1031000138966884
:61:241125D498000,00S1031000138966888
:61:241125D193450,00S1031000138966893
:61:241125D32826,00S1031000138966909
:61:241125D40000,00S1031000138966918
:61:241125D50930,00S1031000138966921
:61:241125D60000,00S1031000138966924
:61:241125D32908,00S1031000138966927
:61:241125D30000,00S1031000138966929
:61:241125D200000,00S1031000138966934
:61:241125D50000,00S1031000138966937
:61:241125D50000,00S1031000138966939
:61:241125D100000,00S1031000138966940
:61:241125D33600,00S1031000138966949
:62F:C241125BDT361989707,88
-}{5:{CHK:A7C9D709ECB3}}                                                                                                                                                                                                                                {1:F21AGBKBDDHA0995782856267}{4:{177:2411271429}{451:0}}{1:F01AGBKBDDHA0995782856267}{2:I950EZYRGB2LXXXXN}{4:
:20:AGBKFRDBFC2021
:25:7102
:28C:11/432
:60F:C241125BDT361989707,88
:61:241125D167328,00S1031000138966965
:61:241125D30000,00S1031000138966966
:61:241125D6500,00S1031000138966969
:61:241125D40015,00S1031000138966970
:61:241125D70000,00S1031000138966974
:61:241125D300000,00S1031000138966977
:61:241125D5000,00S1031000138966978
:61:241125D165900,00S1031000138966991
:61:241125D200890,00S1031000138966994
:61:241125D244395,00S1031000138966996
:61:241125D100000,00S1031000138967006
:61:241125D73250,00S1031000138967013
:61:241125D9474,00S1031000138967020
:61:241125D80000,00S1031000138967024
:61:241125D80135,00S1031000138967031
:61:241125D31000,00S1031000138967035
:61:241125D24530,00S1031000138967039
:61:241125D122270,40S1031000138967042
:61:241125D100000,00S1031000138967050
:61:241125D503328,00S1031000138967052
:61:241125D32925,00S1031000138967059
:61:241125D268130,00S1031000138967079
:61:241125D100000,00S1031000138967083
:61:241125D80030,00S1031000138967095
:61:241125D35112,00S1031000138967104
:61:241125D60000,00S1031000138967114
:61:241125D100000,00S1031000138967125
:61:241125D48785,00S1031000138967127
:62F:C241125BDT358910710,48
-}{5:{CHK:9A9BBB5C7422}}                                                                                                                                                                                                                                 {1:F21AGBKBDDHA0995782856268}{4:{177:2411271430}{451:0}}{1:F01AGBKBDDHA0995782856268}{2:I950EZYRGB2LXXXXN}{4:
:20:AGBKFRDBFC2021
:25:7102
:28C:11/433
:60F:C241125BDT358910710,48
:61:241125D40000,00S1031000138967128
:61:241125D100000,00S1031000138967129
:61:241125D203500,00S1031000138967131
:61:241125D50260,00S1031000138967133
:61:241125D25200,00S1031000138967147
:61:241125D59810,00S1031000138967148
:61:241125D100000,00S1031000138967154
:61:241125D16800,00S1031000138967156
:61:241125D165000,00S1031000138967160
:61:241125D340000,00S1031000138967178
:61:241125D100010,00S1031000138967180
:61:241125D165000,00S1031000138967185
:61:241125D63430,00S1031000138967222
:61:241125D500000,00S1031000138967223
:61:241125D100000,00S1031000138967227
:61:241125D53728,00S1031000138967228
:61:241125D40000,00S1031000138967235
:61:241125D50000,00S1031000138967245
:61:241125D50260,00S1031000138967248
:61:241125D200000,00S1031000138967259
:61:241125D113015,00S1031000138967263
:61:241125D26208,00S1031000138967266
:61:241125D20020,00S1031000138967275
:61:241125D50000,00S1031000138967276
:61:241125D133728,00S1031000138967278
:61:241125D20000,00S1031000138967288
:61:241125D50000,00S1031000138967292
:61:241125D36696,00S1031000138967294
:62F:C241125BDT356038045,48
-}{5:{CHK:7025A8E41535}}                                                                                                                                                                                                                              {1:F21AGBKBDDHA0995782856269}{4:{177:2411271430}{451:0}}{1:F01AGBKBDDHA0995782856269}{2:I950EZYRGB2LXXXXN}{4:
:20:AGBKFRDBFC2021
:25:7102
:28C:11/434
:60F:C241125BDT356038045,48
:61:241125D208000,00S1031000138967297
:61:241125D40000,00S1031000138967299
:61:241125D50000,00S1031000138967303
:61:241125D95000,00S1031000138967316
:61:241125D50000,00S1031000138967322
:61:241125D600000,00S1031000138967323
:61:241125D12000,00S1031000138967324
:61:241125D110000,00S1031000138967329
:61:241125D50350,00S1031000138967341
:61:241125D100800,00S1031000138967343
:61:241125D103500,00S1031000138967353
:61:241125D24000,00S1031000138967362
:61:241125D100000,00S1031000138967365
:61:241125D40000,00S1031000138967370
:61:241125D36960,00S1031000138967379
:61:241125D67160,00S1031000138967381
:61:241125D55000,00S1031000138967383
:61:241125D500000,00S1031000138967384
:61:241125D66510,00S1031000138967386
:61:241125D29490,00S1031000138967390
:61:241125D285800,00S1031000138967393
:61:241125D200000,00S1031000138967399
:61:241125D10025,00S1031000138967405
:61:241125D60000,00S1031000138967409
:61:241125D60000,00S1031000138967417
:61:241125D488198,00S1031000138967419
:61:241125D70000,00S1031000138967421
:61:241125D200000,00S1031000138967428
:62F:C241125BDT352325252,48
-}{5:{CHK:01D1C6CA369E}}                                                                                                                                                                                                                               {1:F21AGBKBDDHA0995782856270}{4:{177:2411271430}{451:0}}{1:F01AGBKBDDHA0995782856270}{2:I950EZYRGB2LXXXXN}{4:
:20:AGBKFRDBFC2021
:25:7102
:28C:11/435
:60F:C241125BDT352325252,48
:61:241125D100140,00S1031000138967432
:61:241125D80000,00S1031000138967436
:61:241125D56455,00S1031000138967448
:61:241125D40320,00S1031000138967449
:61:241125D90000,00S1031000138967450
:61:241125D25000,00S1031000138967458
:61:241125D108400,00S1031000138967461
:61:241125D70000,00S1031000138967463
:61:241125D39640,00S1031000138967478
:61:241125D85000,00S1031000138967480
:61:241125D550000,00S1031000138967485
:61:241125D100027,00S1031000138967491
:61:241125D5000,00S1031000138967492
:61:241125D40000,00S1031000138967496
:61:241125D100024,00S1031000138967498
:61:241125D133020,00S1031000138967502
:61:241125D70018,00S1031000138967504
:61:241125D170000,00S1031000138967505
:61:241125D83715,00S1031000138967506
:61:241125D40976,00S1031000138967513
:61:241125D65000,00S1031000138967515
:61:241125D150000,00S1031000138967520
:61:241125D33000,00S1031000138967522
:61:241125D16128,00S1031000138967527
:61:241125D147097,00S1031000138967533
:61:241125D49258,00S1031000138967544
:61:241125D25017,00S1031000138967547
:61:241125D50000,00S1031000138967550
:62F:C241125BDT349802017,48
-}{5:{CHK:6E1F24B63FF4}}                                                                                                                                                                                                                                  {1:F21AGBKBDDHA0995782856271}{4:{177:2411271431}{451:0}}{1:F01AGBKBDDHA0995782856271}{2:I950EZYRGB2LXXXXN}{4:
:20:AGBKFRDBFC2021
:25:7102
:28C:11/436
:60F:C241125BDT349802017,48
:61:241125D60480,00S1031000138967554
:61:241125D300000,00S1031000138967558
:61:241125D100027,00S1031000138967560
:61:241125D87820,00S1031000138967563
:61:241125D39630,00S1031000138967564
:61:241125D35010,00S1031000138967570
:61:241125D48835,00S1031000138967573
:61:241125D50000,00S1031000138967577
:61:241125D167328,00S1031000138967585
:61:241125D60000,00S1031000138967588
:61:241125D50000,00S1031000138967590
:61:241125D100800,00S1031000138967595
:61:241125D48785,00S1031000138967598
:61:241125D50000,00S1031000138967599
:61:241125D133648,00S1031000138967605
:61:241125D50000,00S1031000138967606
:61:241125D31120,00S1031000138967613
:61:241125D127010,00S1031000138967621
:61:241125D30000,00S1031000138967625
:61:241125D300000,00S1031000138967628
:61:241125D41320,00S1031000138967629
:61:241125D33000,00S1031000138967630
:61:241125D32000,00S1031000138967631
:61:241125D29580,00S1031000138967639
:61:241125D36288,00S1031000138967640
:61:241125D30000,00S1031000138967643
:61:241125D98000,00S1031000138967655
:61:241125D30000,00S1031000138967663
:62F:C241125BDT347601336,48
-}{5:{CHK:B7437CE37FB1}}                                                                                                                                                                                                                                   {1:F21AGBKBDDHA0995782856272}{4:{177:2411271431}{451:0}}{1:F01AGBKBDDHA0995782856272}{2:I950EZYRGB2LXXXXN}{4:
:20:AGBKFRDBFC2021
:25:7102
:28C:11/437
:60F:C241125BDT347601336,48
:61:241125D300000,00S1031000138967669
:61:241125D230000,00S1031000138967670
:61:241125D31500,00S1031000138967680
:61:241125D50000,00S1031000138967685
:61:241125D30000,00S1031000138967686
:61:241125D6000,00S1031000138967694
:61:241125D31220,00S1031000138967696
:61:241125D41174,00S1031000138967701
:61:241125D50000,00S1031000138967708
:61:241125D49580,00S1031000138967713
:61:241125D75723,00S1031000138967715
:61:241125D100000,00S1031000138967723
:61:241125D10000,00S1031000138967724
:61:241125D247094,00S1031000138967729
:61:241125D5000,00S1031000138967736
:61:241125D84000,00S1031000138967740
:61:241125D40710,00S1031000138967743
:61:241125D300000,00S1031000138967744
:61:241125D20000,00S1031000138967746
:61:241125D49730,00S1031000138967755
:61:241125D28360,00S1031000138967757
:61:241125D120000,00S1031000138967759
:61:241125D30000,00S1031000138967760
:61:241125D49000,00S1031000138967766
:61:241125D60000,00S1031000138967767
:61:241125D278000,00S1031000138967783
:61:241125D200000,00S1031000138967784
:61:241125D33360,00S1031000138967793
:62F:C241125BDT345050885,48
-}{5:{CHK:75256DD28002}}                                                                                                                                                                                                                                    {1:F21AGBKBDDHA0995782856273}{4:{177:2411271431}{451:0}}{1:F01AGBKBDDHA0995782856273}{2:I950EZYRGB2LXXXXN}{4:
:20:AGBKFRDBFC2021
:25:7102
:28C:11/438
:60F:C241125BDT345050885,48
:61:241125D170000,00S1031000138967795
:61:241125D160000,00S1031000138967796
:61:241125D72858,00S1031000138967798
:61:241125D30000,00S1031000138967804
:61:241125D16800,00S1031000138967806
:61:241125D35000,00S1031000138967807
:61:241125D200000,00S1031000138967811
:61:241125D100000,00S1031000138967819
:61:241125D50000,00S1031000138967820
:61:241125D40000,00S1031000138967823
:61:241125D61500,00S1031000138967824
:61:241125D73200,00S1031000138967832
:61:241125D118060,00S1031000138967834
:61:241125D78910,00S1031000138967850
:61:241125D48782,00S1031000138967854
:61:241125D60480,00S1031000138967860
:61:241125D68300,00S1031000138967864
:61:241125D125000,00S1031000138967870
:61:241125D60000,00S1031000138967874
:61:241125D93310,00S1031000138967876
:61:241125D133440,00S1031000138967886
:61:241125D74534,00S1031000138967890
:61:241125D50000,00S1031000138967893
:61:241125D413122,00S1031000138967902
:61:241125D70000,00S1031000138967905
:61:241125D50000,00S1031000138967907
:61:241125D100000,00S1031000138967908
:61:241125D100025,00S1031000138967909
:62F:C241125BDT342397564,48
-}{5:{CHK:CFA63C535C59}}                                                                                                                                                                                                                                {1:F21AGBKBDDHA0995782856274}{4:{177:2411271431}{451:0}}{1:F01AGBKBDDHA0995782856274}{2:I950EZYRGB2LXXXXN}{4:
:20:AGBKFRDBFC2021
:25:7102
:28C:11/439
:60F:C241125BDT342397564,48
:61:241125D253500,00S1031000138967914
:61:241125D40875,00S1031000138967920
:61:241125D30015,00S1031000138967925
:61:241125D500000,00S1031000138967928
:61:241125D60000,00S1031000138967931
:61:241125D25000,00S1031000138967933
:61:241125D159841,00S1031000138967941
:61:241125D50000,00S1031000138967946
:61:241125D15019,00S1031000138967951
:61:241125D30021,00S1031000138967956
:61:241125D100000,00S1031000138967965
:61:241125D70000,00S1031000138967967
:61:241125D50000,00S1031000138967973
:61:241125D126840,00S1031000138967981
:61:241125D464076,90S1031000138967984
:61:241125D100000,00S1031000138967992
:61:241125D335340,00S1031000138967995
:61:241125D39498,00S1031000138967996
:61:241125D50000,00S1031000138968003
:61:241125D27000,00S1031000138968005
:61:241125D49730,00S1031000138968007
:61:241125D50030,00S1031000138968012
:61:241125D32928,00S1031000138968015
:61:241125D100000,00S1031000138968020
:61:241125D80000,00S1031000138968021
:61:241125D42820,00S1031000138968023
:61:241125D29560,00S1031000138968025
:61:241125D30000,00S1031000138968032
:62F:C241125BDT339455470,58
-}{5:{CHK:0388DE8BF37C}}                                                                                                                                                                                                                                 {1:F21AGBKBDDHA0995782856275}{4:{177:2411271431}{451:0}}{1:F01AGBKBDDHA0995782856275}{2:I950EZYRGB2LXXXXN}{4:
:20:AGBKFRDBFC2021
:25:7102
:28C:11/440
:60F:C241125BDT339455470,58
:61:241125D38000,00S1031000138968034
:61:241125D274860,00S1031000138968040
:61:241125D397210,00S1031000138968055
:61:241125D50000,00S1031000138968062
:61:241125D39025,00S1031000138968065
:61:241125D80021,00S1031000138968071
:61:241125D500000,00S1031000138968072
:61:241125D55000,00S1031000138968077
:61:241125D27000,00S1031000138968083
:61:241125D100000,00S1031000138968084
:61:241125D218951,00S1031000138968085
:61:241125D80000,00S1031000138968099
:61:241125D30000,00S1031000138968100
:61:241125D20000,00S1031000138968101
:61:241125D116000,00S1031000138968102
:61:241125D165000,00S1031000138968104
:61:241125D30239,00S1031000138968109
:61:241125D32928,00S1031000138968110
:61:241125D100000,00S1031000138968122
:61:241125D50390,00S1031000138968123
:61:241125D500000,00S1031000138968127
:61:241125D120000,00S1031000138968129
:61:241125D234710,00S1031000138968130
:61:241125D40000,00S1031000138968149
:61:241125D78288,00S1031000138968153
:61:241125D120000,00S1031000138968154
:61:241125D20000,00S1031000138968165
:61:241125D200000,00S1031000138968167
:62F:C241125BDT335737848,58
-}{5:{CHK:87EB3DC442AA}}                                                                                                                                                                                                                             {1:F21AGBKBDDHA0995782856276}{4:{177:2411271432}{451:0}}{1:F01AGBKBDDHA0995782856276}{2:I950EZYRGB2LXXXXN}{4:
:20:AGBKFRDBFC2021
:25:7102
:28C:11/441
:60F:C241125BDT335737848,58
:61:241125D100000,00S1031000138968170
:61:241125D211638,00S1031000138968171
:61:241125D200000,00S1031000138968173
:61:241125D102370,00S1031000138968191
:61:241125D335340,00S1031000138968194
:61:241125D97565,00S1031000138968201
:61:241125D51408,00S1031000138968208
:61:241125D49000,00S1031000138968219
:61:241125D52000,00S1031000138968224
:61:241125D36288,00S1031000138968225
:61:241125D32000,00S1031000138968231
:61:241125D60000,00S1031000138968236
:61:241125D45024,00S1031000138968239
:61:241125D45000,00S1031000138968241
:61:241125D110000,00S1031000138968245
:61:241125D100100,00S1031000138968255
:61:241125D500000,00S1031000138968261
:61:241125D219530,00S1031000138968270
:61:241125D170000,00S1031000138968280
:61:241125D100000,00S1031000138968289
:61:241125D234530,00S1031000138968299
:61:241125D50000,00S1031000138968300
:61:241125D500000,00S1031000138968311
:61:241125D234465,00S1031000138968314
:61:241125D20025,00S1031000138968315
:61:241125D63130,00S1031000138968319
:61:241125D300000,00S1031000138968320
:61:241125D165000,00S1031000138968324
:62F:C241125BDT331553435,58
-}{5:{CHK:166B4CAF4F6D}}                                                                                                                                                                                                                          {1:F21AGBKBDDHA0995782856277}{4:{177:2411271433}{451:0}}{1:F01AGBKBDDHA0995782856277}{2:I950EZYRGB2LXXXXN}{4:
:20:AGBKFRDBFC2021
:25:7102
:28C:11/442
:60F:C241125BDT331553435,58
:61:241125D170000,00S1031000138968328
:61:241125D150000,00S1031000138968329
:61:241125D500000,00S1031000138968332
:61:241125D50030,00S1031000138968334
:61:241125D39624,00S1031000138968337
:61:241125D97562,00S1031000138968340
:61:241125D45000,00S1031000138968341
:61:241125D50000,00S1031000138968343
:61:241125D16130,00S1031000138968346
:61:241125D500000,00S1031000138968352
:61:241125D100000,00S1031000138968358
:61:241125D200940,00S1031000138968363
:61:241125D59522,00S1031000138968366
:61:241125D32928,00S1031000138968367
:61:241125D47838,00S1031000138968371
:61:241125D31835,00S1031000138968374
:61:241125D40000,00S1031000138968375
:61:241125D10000,00S1031000138968386
:61:241125D40000,00S1031000138968389
:61:241125D300000,00S1031000138968393
:61:241125D500000,00S1031000138968397
:61:241125D63415,00S1031000138968407
:61:241125D100000,00S1031000138968414
:61:241125D217599,00S1031000138968416
:61:241125D57086,00S1031000138968419
:61:241125D80000,00S1031000138968424
:61:241125D31640,00S1031000138968426
:61:241125D60000,00S1031000138968429
:62F:C241125BDT327962286,58
-}{5:{CHK:C14789ED86B8}}                                                                                                                                                                                                                                {1:F21AGBKBDDHA0995782856279}{4:{177:2411271433}{451:0}}{1:F01AGBKBDDHA0995782856279}{2:I950EZYRGB2LXXXXN}{4:
:20:AGBKFRDBFC2021
:25:7102
:28C:11/443
:60F:C241125BDT327962286,58
:61:241125D292700,00S1031000138968435
:61:241125D500000,00S1031000138968437
:61:241125D50000,00S1031000138968462
:61:241125D36280,00S1031000138968463
:61:241125D49000,00S1031000138968470
:61:241125D500000,00S1031000138968478
:61:241125D50000,00S1031000138968485
:61:241125D100000,00S1031000138968489
:61:241125D32910,00S1031000138968490
:61:241125D300000,00S1031000138968493
:61:241125D70000,00S1031000138968506
:61:241125D36000,00S1031000138968507
:61:241125D52000,00S1031000138968512
:61:241125D166000,00S1031000138968514
:61:241125D243915,00S1031000138968515
:61:241125D25000,00S1031000138968520
:61:241125D50000,00S1031000138968524
:61:241125D50000,00S1031000138968528
:61:241125D40015,00S1031000138968531
:61:241125D30000,00S1031000138968534
:61:241125D40980,00S1031000138968540
:61:241125D90050,00S1031000138968542
:61:241125D20000,00S1031000138968545
:61:241125D5000,00S1031000138968551
:61:241125D30000,00S1031000138968580
:61:241125D50000,00S1031000138968582
:61:241125D51042,00S1031000138968586
:61:241125D302400,00S1031000138968602
:62F:C241125BDT324698994,58
-}{5:{CHK:5B1AEAB05CCC}}                                                                                                                                                                                                                                   {1:F21AGBKBDDHA0995782856280}{4:{177:2411271433}{451:0}}{1:F01AGBKBDDHA0995782856280}{2:I950EZYRGB2LXXXXN}{4:
:20:AGBKFRDBFC2021
:25:7102
:28C:11/444
:60F:C241125BDT324698994,58
:61:241125D60000,00S1031000138968605
:61:241125D40000,00S1031000138968613
:61:241125D33360,00S1031000138968617
:61:241125D106598,00S1031000138968620
:61:241125D50000,00S1031000138968625
:61:241125D500000,00S1031000138968628
:61:241125D49728,00S1031000138968637
:61:241125D117000,00S1031000138968650
:61:241125D83374,00S1031000138968651
:61:241125D22848,00S1031000138968665
:61:241125D40000,00S1031000138968666
:61:241125D170000,00S1031000138968668
:61:241125D53750,00S1031000138968674
:61:241125D5000,00S1031000138968680
:61:241125D50000,00S1031000138968698
:61:241125D97565,00S1031000138968700
:61:241125D60000,00S1031000138968703
:61:241125D50000,00S1031000138968707
:61:241125D167180,00S1031000138968709
:61:241125D30000,00S1031000138968740
:61:241125D350000,00S1031000138968742
:61:241125D192528,00S1031000138968743
:61:241125D16106,00S1031000138968747
:61:241125D65000,00S1031000138968751
:61:241125D100000,00S1031000138968752
:61:241125D60000,00S1031000138968759
:61:241125D499870,00S1031000138968765
:61:241125D40000,00S1031000138968772
:62F:C241125BDT321589087,58
-}{5:{CHK:3C6A97838740}}                                                                                                                                                                                                                                  {1:F21AGBKBDDHA0995782856281}{4:{177:2411271433}{451:0}}{1:F01AGBKBDDHA0995782856281}{2:I950EZYRGB2LXXXXN}{4:
:20:AGBKFRDBFC2021
:25:7102
:28C:11/445
:60F:C241125BDT321589087,58
:61:241125D40000,00S1031000138968775
:61:241125D60000,00S1031000138968777
:61:241125D32930,00S1031000138968795
:61:241125D30240,00S1031000138968798
:61:241125D60000,00S1031000138968802
:61:241125D50370,00S1031000138968808
:61:241125D65000,00S1031000138968809
:61:241125D50000,00S1031000138968814
:61:241125D70005,00S1031000138968816
:61:241125D251330,00S1031000138968823
:61:241125D23520,00S1031000138968826
:61:241125D500000,00S1031000138968828
:61:241125D200000,00S1031000138968837
:61:241125D66725,00S1031000138968843
:61:241125D16000,00S1031000138968848
:61:241125D200874,00S1031000138968851
:61:241125D376615,00S1031000138968856
:61:241125D137100,00S1031000138968859
:61:241125D50000,00S1031000138968862
:61:241125D90000,00S1031000138968863
:61:241125D100000,00S1031000138968866
:61:241125D60000,00S1031000138968871
:61:241125D27510,00S1031000138968877
:61:241125D29498,00S1031000138968879
:61:241125D55000,00S1031000138968890
:61:241125D100000,00S1031000138968893
:61:241125D200000,00S1031000138968894
:61:241125D100000,00S1031000138968898
:62F:C241125BDT318546370,58
-}{5:{CHK:ADFA214771CC}}                                                                                                                                                                                                                                {1:F21AGBKBDDHA0995782856282}{4:{177:2411271434}{451:0}}{1:F01AGBKBDDHA0995782856282}{2:I950EZYRGB2LXXXXN}{4:
:20:AGBKFRDBFC2021
:25:7102
:28C:11/446
:60F:C241125BDT318546370,58
:61:241125D33600,00S1031000138968901
:61:241125D114240,00S1031000138968920
:61:241125D19515,00S1031000138968921
:61:241125D50000,00S1031000138968927
:61:241125D211110,90S1031000138968949
:61:241125D50000,00S1031000138968958
:61:241125D30000,00S1031000138968972
:61:241125D59140,00S1031000138968973
:61:241125D103488,00S1031000138968974
:61:241125D100130,00S1031000138968985
:61:241125D10075,00S1031000138968992
:61:241125D70000,00S1031000138968996
:61:241125D300000,00S1031000138969006
:61:241125D50265,00S1031000138969008
:61:241125D201546,00S1031000138969009
:61:241125D100000,00S1031000138969010
:61:241125D50400,00S1031000138969011
:61:241125D100000,00S1031000138969012
:61:241125D150530,00S1031000138969015
:61:241125D40000,00S1031000138969020
:61:241125D25017,31S1031000138969021
:61:241125D50000,00S1031000138969042
:61:241125D40000,00S1031000138969055
:61:241125D167140,00S1031000138969057
:61:241125D400000,00S1031000138969071
:61:241125D60000,00S1031000138969077
:61:241125D120000,00S1031000138969079
:61:241125D97565,00S1031000138969080
:62F:C241125BDT315742608,37
-}{5:{CHK:D403BFC57ADC}}                                                                                                                                                                                                                              {1:F21AGBKBDDHA0995782856283}{4:{177:2411271434}{451:0}}{1:F01AGBKBDDHA0995782856283}{2:I950EZYRGB2LXXXXN}{4:
:20:AGBKFRDBFC2021
:25:7102
:28C:11/447
:60F:C241125BDT315742608,37
:61:241125D167140,00S1031000138969084
:61:241125D200020,00S1031000138969087
:61:241125D60000,00S1031000138969091
:61:241125D15000,00S1031000138969093
:61:241125D40000,00S1031000138969100
:61:241125D167140,00S1031000138969101
:61:241125D292710,00S1031000138969108
:61:241125D200000,00S1031000138969112
:61:241125D90000,00S1031000138969115
:61:241125D50000,00S1031000138969126
:61:241125D100000,00S1031000138969127
:61:241125D100000,00S1031000138969128
:61:241125D119325,98S1031000138969129
:61:241125D66530,00S1031000138969138
:61:241125D22000,00S1031000138969139
:61:241125D50000,00S1031000138969140
:61:241125D200000,00S1031000138969144
:61:241125D10000,00S1031000138969146
:61:241125D167140,00S1031000138969156
:61:241125D70575,00S1031000138969160
:61:241125D333074,00S1031000138969161
:61:241125D91072,00S1031000138969164
:61:241125D40320,00S1031000138969167
:61:241125D50000,00S1031000138969173
:61:241125D167140,00S1031000138969174
:61:241125D30000,00S1031000138969182
:61:241125D40000,00S1031000138969189
:61:241125D500000,00S1031000138969191
:62F:C241125BDT312303421,39
-}{5:{CHK:6A82E293725D}}                                                                                                                                                                                                                             {1:F21AGBKBDDHA0995782856284}{4:{177:2411271434}{451:0}}{1:F01AGBKBDDHA0995782856284}{2:I950EZYRGB2LXXXXN}{4:
:20:AGBKFRDBFC2021
:25:7102
:28C:11/448
:60F:C241125BDT312303421,39
:61:241125D50000,00S1031000138969203
:61:241125D50000,00S1031000138969212
:61:241125D12100,00S1031000138969216
:61:241125D10075,00S1031000138969220
:61:241125D167140,00S1031000138969227
:61:241125D211002,00S1031000138969235
:61:241125D30000,00S1031000138969238
:61:241125D167140,00S1031000138969240
:61:241125D39025,00S1031000138969244
:61:241125D60000,00S1031000138969245
:61:241125D195175,00S1031000138969248
:61:241125D82800,00S1031000138969249
:61:241125D40000,00S1031000138969256
:61:241125D50000,00S1031000138969277
:61:241125D200000,00S1031000138969279
:61:241125D25000,00S1031000138969284
:61:241125D10000,00S1031000138969286
:61:241125D16154,00S1031000138969287
:61:241125D16680,00S1031000138969301
:61:241125D200809,00S1031000138969311
:61:241125D132914,00S1031000138969318
:61:241125D31165,00S1031000138969324
:61:241125D402528,00S1031000138969325
:61:241125D60000,00S1031000138969336
:61:241125D227810,00S1031000138969345
:61:241125D25000,00S1031000138969347
:61:241125D56448,00S1031000138969350
:61:241125D110000,00S1031000138969351
:62F:C241125BDT309624456,39
-}{5:{CHK:85DB1BC50BED}}                                                                                                                                                                                                                                {1:F21AGBKBDDHA0995782856285}{4:{177:2411271434}{451:0}}{1:F01AGBKBDDHA0995782856285}{2:I950EZYRGB2LXXXXN}{4:
:20:AGBKFRDBFC2021
:25:7102
:28C:11/449
:60F:C241125BDT309624456,39
:61:241125D30000,00S1031000138969355
:61:241125D48800,00S1031000138969359
:61:241125D50000,00S1031000138969366
:61:241125D25000,00S1031000138969367
:61:241125D268128,00S1031000138969370
:61:241125D32930,00S1031000138969376
:61:241125D29498,00S1031000138969389
:61:241125D50000,00S1031000138969392
:61:241125D100000,00S1031000138969395
:61:241125D130000,00S1031000138969408
:61:241125D50000,00S1031000138969411
:61:241125D335328,00S1031000138969416
:61:241125D6044,00S1031000138969431
:61:241125D10000,00S1031000138969441
:61:241125D110000,00S1031000138969444
:61:241125D200000,00S1031000138969459
:61:241125D100017,00S1031000138969463
:61:241125D150000,00S1031000138969472
:61:241125D292700,00S1031000138969483
:61:241125D50000,00S1031000138969490
:61:241125D50000,00S1031000138969493
:61:241125D29674,00S1031000138969506
:61:241125D32928,00S1031000138969507
:61:241125D40000,00S1031000138969539
:61:241125D41330,00S1031000138969545
:61:241125D200000,00S1031000138969566
:61:241125D15000,00S1031000138969567
:61:241125D500000,00S1031000138969573
:62F:C241125BDT306647079,39
-}{5:{CHK:7D396E9E4F7D}}                                                                                                                                                                                                                                {1:F21AGBKBDDHA0995782856286}{4:{177:2411271435}{451:0}}{1:F01AGBKBDDHA0995782856286}{2:I950EZYRGB2LXXXXN}{4:
:20:AGBKFRDBFC2021
:25:7102
:28C:11/450
:60F:C241125BDT306647079,39
:61:241125D39498,00S1031000138969575
:61:241125D98000,00S1031000138969577
:61:241125D100800,00S1031000138969594
:61:241125D170000,00S1031000138969596
:61:241125D109554,00S1031000138969597
:61:241125D20000,00S1031000138969612
:61:241125D200000,00S1031000138969613
:61:241125D139104,00S1031000138969615
:61:241125D100000,00S1031000138969618
:61:241125D10000,00S1031000138969620
:61:241125D100450,00S1031000138969646
:61:241125D52015,00S1031000138969648
:61:241125D166274,00S1031000138969670
:61:241125D50000,00S1031000138969681
:61:241125D16130,00S1031000138969683
:61:241125D29270,00S1031000138969687
:61:241125D135000,00S1031000138969690
:61:241125D400000,00S1031000138969702
:61:241125D69522,00S1031000138969704
:61:241125D100000,00S1031000138969705
:61:241125D25000,00S1031000138969714
:61:241125D140000,00S1031000138969723
:61:241125D80000,00S1031000138969728
:61:241125D66720,00S1031000138969730
:61:241125D430000,00S1031000138969735
:61:241125D234530,00S1031000138969767
:61:241125D50040,00S1031000138969786
:61:241125D60000,00S1031000138969789
:62F:C241125BDT303455172,39
-}{5:{CHK:E73AC7C0A20D}}                                                                                                                                                                                                                            {1:F21AGBKBDDHA0995782856287}{4:{177:2411271435}{451:0}}{1:F01AGBKBDDHA0995782856287}{2:I950EZYRGB2LXXXXN}{4:
:20:AGBKFRDBFC2021
:25:7102
:28C:11/451
:60F:C241125BDT303455172,39
:61:241125D335240,00S1031000138969807
:61:241125D23000,00S1031000138969833
:61:241125D52850,00S1031000138969835
:61:241125D3477,00S1031000138969844
:61:241125D20000,00S1031000138969849
:61:241125D100000,00S1031000138969853
:61:241125D32000,00S1031000138969857
:61:241125D100000,00S1031000138969858
:61:241125D98228,00S1031000138969860
:61:241125D55000,00S1031000138969865
:61:241125D200000,00S1031000138969870
:61:241125D100000,00S1031000138969871
:61:241125D600000,00S1031000138969890
:61:241125D300000,00S1031000138969891
:61:241125D95100,00S1031000138969892
:61:241125D120000,00S1031000138969894
:61:241125D120000,00S1031000138969899
:61:241125D140000,00S1031000138969900
:61:241125D80000,00S1031000138969910
:61:241125D390260,00S1031000138969911
:61:241125D121900,00S1031000138969916
:61:241125D335318,00S1031000138969929
:61:241125D43680,00S1031000138969936
:61:241125D30000,00S1031000138969950
:61:241125D40000,00S1031000138969952
:61:241125D170000,00S1031000138969957
:61:241125D50000,00S1031000138969959
:61:241125D50000,00S1031000138969960
:62F:C241125BDT299649119,39
-}{5:{CHK:984184A71ADF}}                                                                                                                                                                                                                             {1:F21AGBKBDDHA0995782856288}{4:{177:2411271435}{451:0}}{1:F01AGBKBDDHA0995782856288}{2:I950EZYRGB2LXXXXN}{4:
:20:AGBKFRDBFC2021
:25:7102
:28C:11/452
:60F:C241125BDT299649119,39
:61:241125D30000,00S1031000138969988
:61:241125D100500,00S1031000138969994
:61:241125D68295,00S1031000138969997
:61:241125D335328,00S1031000138970002
:61:241125D80650,00S1031000138970008
:61:241125D167081,00S1031000138970009
:61:241125D50000,00S1031000138970010
:61:241125D56000,00S1031000138970013
:61:241125D301640,00S1031000138970019
:61:241125D48800,00S1031000138970025
:61:241125D22000,00S1031000138970027
:61:241125D200000,00S1031000138970031
:61:241125D39506,00S1031000138970036
:61:241125D100000,00S1031000138970041
:61:241125D58540,00S1031000138970052
:61:241125D145249,00S1031000138970055
:61:241125D292690,00S1031000138970060
:61:241125D50000,00S1031000138970074
:61:241125D200000,00S1031000138970079
:61:241125D30000,00S1031000138970082
:61:241125D24486,00S1031000138970088
:61:241125D85000,00S1031000138970090
:61:241125D36266,00S1031000138970103
:61:241125D100001,00S1031000138970105
:61:241125D100000,00S1031000138970108
:61:241125D50000,00S1031000138970118
:61:241125D74000,00S1031000138970119
:61:241125D50000,00S1031000138970131
:62F:C241125BDT296753087,39
-}{5:{CHK:DBD7D0B6EEAB}}                                                                                                                                                                                                                               {1:F21AGBKBDDHA0995782856289}{4:{177:2411271436}{451:0}}{1:F01AGBKBDDHA0995782856289}{2:I950EZYRGB2LXXXXN}{4:
:20:AGBKFRDBFC2021
:25:7102
:28C:11/453
:60F:C241125BDT296753087,39
:61:241125D100125,00S1031000138970141
:61:241125D71290,00S1031000138970151
:61:241125D184000,00S1031000138970153
:61:241125D165000,00S1031000138970154
:61:241125D218400,00S1031000138970165
:61:241125D66800,00S1031000138970205
:61:241125D35010,00S1031000138970207
:61:241125D125000,00S1031000138970210
:61:241125D100000,00S1031000138970220
:61:241125D150000,00S1031000138970223
:61:241125D50040,00S1031000138970231
:61:241125D50000,00S1031000138970245
:61:241125D66175,00S1031000138970254
:61:241125D152013,00S1031000138970256
:61:241125D31160,00S1031000138970263
:61:241125D101748,00S1031000138970265
:61:241125D170000,00S1031000138970272
:61:241125D35690,00S1031000138970273
:61:241125D80021,00S1031000138970277
:61:241125D75000,00S1031000138970280
:61:241125D49728,00S1031000138970282
:61:241125D55640,00S1031000138970287
:61:241125D135408,00S1031000138970292
:61:241125D100000,00S1031000138970302
:61:241125D45000,00S1031000138970308
:61:241125D210000,00S1031000138970309
:61:241125D50000,00S1031000138970317
:61:241125D32020,00S1031000138970338
:62F:C241125BDT294047819,39
-}{5:{CHK:1B90AABE58B8}}                                                                                                                                                                                                                             {1:F21AGBKBDDHA0995782856290}{4:{177:2411271436}{451:0}}{1:F01AGBKBDDHA0995782856290}{2:I950EZYRGB2LXXXXN}{4:
:20:AGBKFRDBFC2021
:25:7102
:28C:11/454
:60F:C241125BDT294047819,39
:61:241125D100000,00S1031000138970355
:61:241125D500000,00S1031000138970357
:61:241125D100000,00S1031000138970362
:61:241125D32500,00S1031000138970365
:61:241125D60000,00S1031000138970369
:61:241125D332925,00S1031000138970371
:61:241125D42840,00S1031000138970372
:61:241125D50000,00S1031000138970376
:61:241125D450000,00S1031000138970378
:61:241125D300000,00S1031000138970393
:61:241125D40000,00S1031000138970405
:61:241125D32928,00S1031000138970408
:61:241125D100000,00S1031000138970418
:61:241125D554071,00S1031000138970421
:61:241125D56460,00S1031000138970427
:61:241125D35000,00S1031000138970429
:61:241125D97480,00S1031000138970432
:61:241125D450000,00S1031000138970446
:61:241125D11000,00S1031000138970455
:61:241125D350000,00S1031000138970466
:61:241125D70000,00S1031000138970483
:61:241125D150000,00S1031000138970491
:61:241125D170000,00S1031000138970492
:61:241125D220000,00S1031000138970499
:61:241125D100000,00S1031000138970503
:61:241125D67182,00S1031000138970517
:61:241125D165000,00S1031000138970520
:61:241125D70000,00S1031000138970524
:62F:C241125BDT289340433,39
-}{5:{CHK:84791646250C}}                                                                                                                                                                                                                           {1:F21AGBKBDDHA0995782856291}{4:{177:2411271436}{451:0}}{1:F01AGBKBDDHA0995782856291}{2:I950EZYRGB2LXXXXN}{4:
:20:AGBKFRDBFC2021
:25:7102
:28C:11/455
:60F:C241125BDT289340433,39
:61:241125D170000,00S1031000138970530
:61:241125D39030,00S1031000138970533
:61:241125D190000,00S1031000138970537
:61:241125D33000,00S1031000138970541
:61:241125D50000,00S1031000138970544
:61:241125D340000,00S1031000138970551
:61:241125D500000,00S1031000138970554
:61:241125D30000,00S1031000138970557
:61:241125D170000,00S1031000138970563
:61:241125D335230,00S1031000138970569
:61:241125D50000,00S1031000138970579
:61:241125D50030,00S1031000138970583
:61:241125D50000,00S1031000138970589
:61:241125D25000,00S1031000138970597
:61:241125D22000,00S1031000138970604
:61:241125D167328,00S1031000138970605
:61:241125D21150,00S1031000138970608
:61:241125D332107,00S1031000138970611
:61:241125D50000,00S1031000138970612
:61:241125D160512,00S1031000138970619
:61:241125D217728,00S1031000138970620
:61:241125D106784,00S1031000138970625
:61:241125D300000,00S1031000138970628
:61:241125D60000,00S1031000138970639
:61:241125D50030,00S1031000138970649
:61:241125D40000,00S1031000138970652
:61:241125D132805,00S1031000138970654
:61:241125D70105,00S1031000138970659
:62F:C241125BDT285577594,39
-}{5:{CHK:0A135FF45238}}                                                                                                                                                                                                                             {1:F21AGBKBDDHA0995782856292}{4:{177:2411271436}{451:0}}{1:F01AGBKBDDHA0995782856292}{2:I950EZYRGB2LXXXXN}{4:
:20:AGBKFRDBFC2021
:25:7102
:28C:11/456
:60F:C241125BDT285577594,39
:61:241125D13000,00S1031000138970665
:61:241125D30000,00S1031000138970669
:61:241125D300000,00S1031000138970682
:61:241125D50000,00S1031000138970683
:61:241125D25032,00S1031000138970690
:61:241125D150000,00S1031000138970709
:61:241125D170000,00S1031000138970717
:61:241125D165000,00S1031000138970729
:61:241125D170000,00S1031000138970733
:61:241125D100027,00S1031000138970734
:61:241125D100000,00S1031000138970739
:61:241125D100000,00S1031000138970746
:61:241125D170000,00S1031000138970752
:61:241125D170000,00S1031000138970784
:61:241125D50000,00S1031000138970785
:61:241125D20000,00S1031000138970791
:61:241125D215100,00S1031000138970793
:61:241125D50000,00S1031000138970795
:61:241125D13000,00S1031000138970804
:61:241125D100000,00S1031000138970809
:61:241125D16130,00S1031000138970811
:61:241125D60000,00S1031000138970813
:61:241125D102798,00S1031000138970829
:61:241125D100000,00S1031000138970834
:61:241125D200000,00S1031000138970839
:61:241125D20000,00S1031000138970853
:61:241125D26201,00S1031000138970856
:61:241125D50000,00S1031000138970859
:62F:C241125BDT282841306,39
-}{5:{CHK:E64683813DD9}}                                                                                                                                                                                                                           {1:F21AGBKBDDHA0995782856293}{4:{177:2411271436}{451:0}}{1:F01AGBKBDDHA0995782856293}{2:I950EZYRGB2LXXXXN}{4:
:20:AGBKFRDBFC2021
:25:7102
:28C:11/457
:60F:C241125BDT282841306,39
:61:241125D500000,00S1031000138970863
:61:241125D203240,00S1031000138970875
:61:241125D49728,00S1031000138970880
:61:241125D80000,00S1031000138970882
:61:241125D40000,00S1031000138970888
:61:241125D66000,00S1031000138970903
:61:241125D74534,00S1031000138970911
:61:241125D400000,00S1031000138970915
:61:241125D70518,00S1031000138970916
:61:241125D35000,00S1031000138970917
:61:241125D15000,00S1031000138970921
:61:241125D49506,00S1031000138970923
:61:241125D30000,00S1031000138970939
:61:241125D500000,00S1031000138970943
:61:241125D295259,00S1031000138970945
:61:241125D302220,00S1031000138970951
:61:241125D142914,00S1031000138970965
:61:241125D200000,00S1031000138970970
:61:241125D110000,00S1031000138970974
:61:241125D268800,00S1031000138970976
:61:241125D80000,00S1031000138970999
:61:241125D500000,00S1031000138971002
:61:241125D122000,00S1031000138971004
:61:241125D164350,00S1031000138971009
:61:241125D80500,00S1031000138971018
:61:241125D50000,00S1031000138971020
:61:241125D500000,00S1031000138971022
:61:241125D50030,00S1031000138971024
:62F:C241125BDT277861707,39
-}{5:{CHK:3D061108D08F}}                                                                                                                                                                                                                            {1:F21AGBKBDDHA0995782856294}{4:{177:2411271437}{451:0}}{1:F01AGBKBDDHA0995782856294}{2:I950EZYRGB2LXXXXN}{4:
:20:AGBKFRDBFC2021
:25:7102
:28C:11/458
:60F:C241125BDT277861707,39
:61:241125D100000,00S1031000138971030
:61:241125D100000,00S1031000138971046
:61:241125D63504,00S1031000138971075
:61:241125D20160,00S1031000138971076
:61:241125D500000,00S1031000138971082
:61:241125D181440,00S1031000138971093
:61:241125D50000,00S1031000138971097
:61:241125D167140,00S1031000138971108
:61:241125D115248,00S1031000138971130
:61:241125D60000,00S1031000138971148
:61:241125D200020,00S1031000138971150
:61:241125D329000,00S1031000138971156
:61:241125D60000,00S1031000138971327
:61:241125D32935,00S1031000138971332
:61:241125D100049,00S1031000138971345
:61:241125D80000,00S1031000138971347
:61:241125D28000,00S1031000138971389
:61:241125D100000,00S1031000138971397
:61:241125D100000,00S1031000138971399
:61:241125D120000,00S1031000138971403
:61:241125D50000,00S1031000138971411
:61:241125D2000,00S1031000138971419
:61:241125D100000,00S1031000138971422
:61:241125D90048,00S1031000138971423
:61:241125D31830,00S1031000138971425
:61:241125D50570,00S1031000138971430
:61:241125D120000,00S1031000138971433
:61:241125D400000,00S1031000138971434
:62F:C241125BDT274509763,39
-}{5:{CHK:864713267465}}                                                                                                                                                                                                                            {1:F21AGBKBDDHA0995782856295}{4:{177:2411271437}{451:0}}{1:F01AGBKBDDHA0995782856295}{2:I950EZYRGB2LXXXXN}{4:
:20:AGBKFRDBFC2021
:25:7102
:28C:11/459
:60F:C241125BDT274509763,39
:61:241125D129000,00S1031000138971435
:61:241125D60000,00S1031000138971438
:61:241125D35000,00S1031000138971442
:61:241125D108528,00S1031000138971445
:61:241125D40000,00S1031000138971454
:61:241125D33000,00S1031000138971457
:61:241125D200020,00S1031000138971464
:61:241125D15020,00S1031000138971472
:61:241125D47050,00S1031000138971478
:61:241125D18000,00S1031000138971484
:61:241125D30000,00S1031000138971490
:61:241125D70565,00S1031000138971497
:61:241125D45000,00S1031000138971498
:61:241125D33345,00S1031000138971507
:61:241125D30000,00S1031000138971533
:61:241125D35000,00S1031000138971535
:61:241125D200000,00S1031000138971541
:61:241125D112196,00S1031000138971543
:61:241125D20025,00S1031000138971548
:61:241125D100000,00S1031000138971549
:61:241125D136600,00S1031000138971562
:61:241125D31830,00S1031000138971564
:61:241125D18000,00S1031000138971571
:61:241125D100000,00S1031000138971582
:61:241125D50025,00S1031000138971590
:61:241125D133730,00S1031000138971591
:61:241125D32919,00S1031000138971612
:61:241125D102890,00S1031000138971615
:62F:C241125BDT272542020,39
-}{5:{CHK:CB5DB360B29F}}                                                                                                                                                                                                                                {1:F21AGBKBDDHA0995782856296}{4:{177:2411271437}{451:0}}{1:F01AGBKBDDHA0995782856296}{2:I950EZYRGB2LXXXXN}{4:
:20:AGBKFRDBFC2021
:25:7102
:28C:11/460
:60F:C241125BDT272542020,39
:61:241125D80000,00S1031000138971616
:61:241125D33070,00S1031000138971619
:61:241125D46000,00S1031000138971620
:61:241125D167330,00S1031000138971624
:61:241125D216670,00S1031000138971627
:61:241125D133728,00S1031000138971641
:61:241125D20025,60S1031000138971643
:61:241125D120000,00S1031000138971644
:61:241125D35000,00S1031000138971655
:61:241125D50000,00S1031000138971657
:61:241125D115920,00S1031000138971660
:61:241125D245504,00S1031000138971661
:61:241125D48785,00S1031000138971665
:61:241125D70000,00S1031000138971668
:61:241125D50000,00S1031000138971677
:61:241125D57110,00S1031000138971694
:61:241125D60000,00S1031000138971702
:61:241125D174396,56S1031000138971709
:61:241125D100800,00S1031000138971717
:61:241125D160000,00S1031000138971721
:61:241125D70022,00S1031000138971732
:61:241125D168000,00S1031000138971739
:61:241125D32000,00S1031000138971742
:61:241125D5000,00S1031000138971751
:61:241125D84620,00S1031000138971772
:61:241125D53760,00S1031000138971790
:61:241125D333040,00S1031000138971791
:61:241125D286438,00S1031000138971801
:62F:C241125BDT269524801,23
-}{5:{CHK:EF908893E2AD}}                                                                                                                                                                                                                               {1:F21AGBKBDDHA0995782856297}{4:{177:2411271438}{451:0}}{1:F01AGBKBDDHA0995782856297}{2:I950EZYRGB2LXXXXN}{4:
:20:AGBKFRDBFC2021
:25:7102
:28C:11/461
:60F:C241125BDT269524801,23
:61:241125D100000,00S1031000138971815
:61:241125D210000,00S1031000138971822
:61:241125D30000,00S1031000138971836
:61:241125D200930,00S1031000138971839
:61:241125D50068,00S1031000138971844
:61:241125D112890,00S1031000138971858
:61:241125D110208,00S1031000138971901
:61:241125D32940,00S1031000138971919
:61:241125D30000,00S1031000138971933
:61:241125D100000,00S1031000138971936
:61:241125D35015,00S1031000138971939
:61:241125D42982,00S1031000138971941
:61:241125D20000,00S1031000138971942
:61:241125D35000,00S1031000138971943
:61:241125D33532,00S1031000138971971
:61:241125D97570,00S1031000138971988
:61:241125D210472,00S1031000138971999
:61:241125D65000,00S1031000138972023
:61:241125D51377,00S1031000138972037
:61:241125D53100,00S1031000138972086
:61:241125D166255,00S1031000138972090
:61:241125D100000,00S1031000138972092
:61:241125D100000,00S1031000138972105
:61:241125D200000,00S1031000138972122
:61:241125D100000,00S1031000138972127
:61:241125D540450,00S1031000138972129
:61:241125D110740,00S1031000138972138
:61:241125D176808,00S1031000138972154
:62F:C241125BDT266409464,23
-}{5:{CHK:5CE0F8CE8AE1}}                                                                                                                                                                                                                           {1:F21AGBKBDDHA0995782856298}{4:{177:2411271438}{451:0}}{1:F01AGBKBDDHA0995782856298}{2:I950EZYRGB2LXXXXN}{4:
:20:AGBKFRDBFC2021
:25:7102
:28C:11/462
:60F:C241125BDT266409464,23
:61:241125D16106,00S1031000138972164
:61:241125D35000,00S1031000138972167
:61:241125D25001,63S1031000138972183
:61:241125D100005,00S1031000138972184
:61:241125D59522,00S1031000138972187
:61:241125D200000,00S1031000138972191
:61:241125D26210,00S1031000138972193
:61:241125D124335,00S1031000138972194
:61:241125D24800,00S1031000138972195
:61:241125D449726,00S1031000138972206
:61:241125D39030,00S1031000138972208
:61:241125D200020,00S1031000138972215
:61:241125D71500,00S1031000138972217
:61:241125D13067,00S1031000138972221
:61:241125D225330,00S1031000138972240
:61:241125D65000,00S1031000138972242
:61:241125D50000,00S1031000138972243
:61:241125D73250,00S1031000138972244
:61:241125D166730,00S1031000138972262
:61:241125D214640,00S1031000138972267
:61:241125D195140,00S1031000138972275
:61:241125D29475,00S1031000138972277
:61:241125D50000,00S1031000138972314
:61:241125D100000,00S1031000138972318
:61:241125D158480,00S1031000138972321
:61:241125D250000,00S1031000138972330
:61:241125D2000,00S1031000138972333
:61:241125D2000,00S1031000138972334
:62F:C241125BDT263443096,60
-}{5:{CHK:055E138435E3}}                                                                                                                                                                                                                                {1:F21AGBKBDDHA0995782856299}{4:{177:2411271438}{451:0}}{1:F01AGBKBDDHA0995782856299}{2:I950EZYRGB2LXXXXN}{4:
:20:AGBKFRDBFC2021
:25:7102
:28C:11/463
:60F:C241125BDT263443096,60
:61:241125D120000,00S1031000138972338
:61:241125D91770,00S1031000138972341
:61:241125D30000,00S1031000138972344
:61:241125D85000,00S1031000138972345
:61:241125D50000,00S1031000138972355
:61:241125D101190,00S1031000138972359
:61:241125D100000,00S1031000138972363
:61:241125D116928,00S1031000138972371
:61:241125D50000,00S1031000138972374
:61:241125D487820,00S1031000138972376
:61:241125D76728,00S1031000138972380
:61:241125D31229,00S1031000138972387
:61:241125D110814,00S1031000138972413
:61:241125D97500,00S1031000138972417
:61:241125D51407,00S1031000138972438
:61:241125D95000,00S1031000138972440
:61:241125D500000,00S1031000138972449
:61:241125D50000,00S1031000138972472
:61:241125D500000,00S1031000138972485
:61:241125D59522,00S1031000138972486
:61:241125D268060,00S1031000138972497
:61:241125D60049,00S1031000138972510
:61:241125D100000,00S1031000138972512
:61:241125D50000,00S1031000138972514
:61:241125D100000,00S1031000138972523
:61:241125D150000,00S1031000138972567
:61:241125D311935,00S1031000138972570
:61:241125D63840,00S1031000138972581
:62F:C241125BDT259534304,60
-}{5:{CHK:D9A593581CB4}}                                                                                                                                                                                                                             {1:F21AGBKBDDHA0995782856300}{4:{177:2411271439}{451:0}}{1:F01AGBKBDDHA0995782856300}{2:I950EZYRGB2LXXXXN}{4:
:20:AGBKFRDBFC2021
:25:7102
:28C:11/464
:60F:C241125BDT259534304,60
:61:241125D243920,00S1031000138972600
:61:241125D50000,00S1031000138972610
:61:241125D66530,00S1031000138972612
:61:241125D200000,00S1031000138972631
:61:241125D225000,00S1031000138972634
:61:241125D298300,00S1031000138972636
:61:241125D255760,00S1031000138972640
:61:241125D292810,00S1031000138972643
:61:241125D70000,00S1031000138972647
:61:241125D22820,00S1031000138972657
:61:241125D349462,00S1031000138972658
:61:241125D100000,00S1031000138972662
:61:241125D143810,00S1031000138972663
:61:241125D13020,00S1031000138972679
:61:241125D139070,00S1031000138972695
:61:241125D85000,00S1031000138972703
:61:241125D148320,00S1031000138972707
:61:241125D40500,00S1031000138972709
:61:241125D50000,00S1031000138972719
:61:241125D116933,00S1031000138972724
:61:241125D335129,00S1031000138972728
:61:241125D35024,00S1031000138972731
:61:241125D100000,00S1031000138972749
:61:241125D79500,00S1031000138972757
:61:241125D100000,00S1031000138972759
:61:241125D97565,00S1031000138972768
:61:241125D83328,00S1031000138972769
:61:241125D50000,00S1031000138972776
:62F:C241125BDT255742503,60
-}{5:{CHK:2A929C0014EC}}                                                                                                                                                                                                                           {1:F21AGBKBDDHA0995782856301}{4:{177:2411271439}{451:0}}{1:F01AGBKBDDHA0995782856301}{2:I950EZYRGB2LXXXXN}{4:
:20:AGBKFRDBFC2021
:25:7102
:28C:11/465
:60F:C241125BDT255742503,60
:61:241125D83950,00S1031000138972785
:61:241125D50000,00S1031000138972811
:61:241125D10000,00S1031000138972817
:61:241125D18490,00S1031000138972826
:61:241125D20100,00S1031000138972845
:61:241125D292710,00S1031000138972846
:61:241125D133740,00S1031000138972850
:61:241125D150024,00S1031000138972852
:61:241125D50000,00S1031000138972853
:61:241125D20495,00S1031000138972858
:61:241125D210000,00S1031000138972866
:61:241125D40000,00S1031000138972869
:61:241125D15000,00S1031000138972886
:61:241125D400000,00S1031000138972890
:61:241125D24392,00S1031000138972896
:61:241125D15000,00S1031000138972901
:61:241125D80000,00S1031000138972904
:61:241125D487920,00S1031000138972905
:61:241125D169940,00S1031000138972930
:61:241125D97565,00S1031000138972932
:61:241125D40000,00S1031000138972935
:61:241125D150000,00S1031000138972943
:61:241125D100000,00S1031000138972955
:61:241125D25000,00S1031000138972986
:61:241125D20170,00S1031000138972989
:61:241125D335328,00S1031000138972995
:61:241125D50000,00S1031000138973011
:61:241125D100000,00S1031000138973016
:62F:C241125BDT252552679,60
-}{5:{CHK:A37096F8C364}}                                                                                                                                                                                                                               {1:F21AGBKBDDHA0995782856302}{4:{177:2411271439}{451:0}}{1:F01AGBKBDDHA0995782856302}{2:I950EZYRGB2LXXXXN}{4:
:20:AGBKFRDBFC2021
:25:7102
:28C:11/466
:60F:C241125BDT252552679,60
:61:241125D70000,00S1031000138973033
:61:241125D493969,78S1031000138973039
:61:241125D300000,00S1031000138973060
:61:241125D34000,00S1031000138973061
:61:241125D73228,00S1031000138973073
:61:241125D60000,00S1031000138973078
:61:241125D100000,00S1031000138973079
:61:241125D62991,00S1031000138973092
:61:241125D22500,00S1031000138973095
:61:241125D126655,00S1031000138973130
:61:241125D100000,00S1031000138973131
:61:241125D27342,00S1031000138973139
:61:241125D40000,00S1031000138973149
:61:241125D333066,00S1031000138973153
:61:241125D60000,00S1031000138973158
:61:241125D170000,00S1031000138973194
:61:241125D55000,00S1031000138973202
:61:241125D73316,00S1031000138973231
:61:241125D200000,00S1031000138973236
:61:241125D500000,00S1031000138973237
:61:241125D110192,00S1031000138973242
:61:241125D130000,00S1031000138973248
:61:241125D487825,00S1031000138973251
:61:241125D350000,00S1031000138973271
:61:241125D170136,00S1031000138973286
:61:241125D50000,00S1031000138973290
:61:241125D32928,00S1031000138973293
:61:241125D50015,00S1031000138973312
:62F:C241125BDT248269515,82
-}{5:{CHK:23DB6906667F}}                                                                                                                                                                                                                            {1:F21AGBKBDDHA0995782856303}{4:{177:2411271439}{451:0}}{1:F01AGBKBDDHA0995782856303}{2:I950EZYRGB2LXXXXN}{4:
:20:AGBKFRDBFC2021
:25:7102
:28C:11/467
:60F:C241125BDT248269515,82
:61:241125D335330,00S1031000138973327
:61:241125D165855,00S1031000138973335
:61:241125D10000,00S1031000138973336
:61:241125D100000,00S1031000138973337
:61:241125D25000,00S1031000138973343
:61:241125D50000,00S1031000138973349
:61:241125D22840,00S1031000138973369
:61:241125D15000,00S1031000138973374
:61:241125D66361,00S1031000138973375
:61:241125D350000,00S1031000138973382
:61:241125D350000,00S1031000138973383
:61:241125D29570,00S1031000138973390
:61:241125D10000,00S1031000138973417
:61:241125D16130,00S1031000138973449
:61:241125D143141,00S1031000138973450
:61:241125D44680,00S1031000138973456
:61:241125D65000,00S1031000138973483
:61:241125D30000,00S1031000138973493
:61:241125D381960,00S1031000138973494
:61:241125D199001,00S1031000138973498
:61:241125D50000,00S1031000138973507
:61:241125D46368,00S1031000138973512
:61:241125D48814,00S1031000138973513
:61:241125D97600,00S1031000138973523
:61:241125D110000,00S1031000138973547
:61:241125D30000,00S1031000138973550
:61:241125D52500,00S1031000138973556
:61:241125D73910,00S1031000138973568
:62F:C241125BDT245350455,82
-}{5:{CHK:ED6E59CC7AF2}}                                                                                                                                                                                                                                 {1:F21AGBKBDDHA0995782856304}{4:{177:2411271440}{451:0}}{1:F01AGBKBDDHA0995782856304}{2:I950EZYRGB2LXXXXN}{4:
:20:AGBKFRDBFC2021
:25:7102
:28C:11/468
:60F:C241125BDT245350455,82
:61:241125D70000,00S1031000138973605
:61:241125D42000,00S1031000138973608
:61:241125D300000,00S1031000138973611
:61:241125D100000,00S1031000138973624
:61:241125D16477,00S1031000138973636
:61:241125D150000,00S1031000138973640
:61:241125D30000,00S1031000138973666
:61:241125D32826,00S1031000138973672
:61:241125D39500,00S1031000138973681
:61:241125D120000,00S1031000138973709
:61:241125D5000,00S1031000138973712
:61:241125D487810,00S1031000138973742
:61:241125D487810,00S1031000138973743
:61:241125D50000,00S1031000138973744
:61:241125D66000,00S1031000138973754
:61:241125D201480,00S1031000138973766
:61:241125D100000,00S1031000138973767
:61:241125D116226,00S1031000138973823
:61:241125D43000,00S1031000138973837
:61:241125D66527,00S1031000138973840
:61:241125D73000,00S1031000138973858
:61:241125D30021,00S1031000138973883
:61:241125D116234,00S1031000138973923
:61:241125D60000,00S1031000138973935
:61:241125D280560,00S1031000138973954
:61:241125D354316,00S1031000138973961
:61:241125D32930,00S1031000138973967
:61:241125D14775,00S1031000138973974
:62F:C241125BDT241863963,82
-}{5:{CHK:2A4137873504}}                                                                                                                                                                                                                               {1:F21AGBKBDDHA0995782856305}{4:{177:2411271440}{451:0}}{1:F01AGBKBDDHA0995782856305}{2:I950EZYRGB2LXXXXN}{4:
:20:AGBKFRDBFC2021
:25:7102
:28C:11/469
:60F:C241125BDT241863963,82
:61:241125D20000,00S1031000138973993
:61:241125D100000,00S1031000138973995
:61:241125D100000,00S1031000138974000
:61:241125D30000,00S1031000138974001
:61:241125D32890,00S1031000138974047
:61:241125D100000,00S1031000138974057
:61:241125D65000,00S1031000138974062
:61:241125D210000,00S1031000138974077
:61:241125D500000,00S1031000138974078
:61:241125D37000,00S1031000138974081
:61:241125D50000,00S1031000138974087
:61:241125D40017,00S1031000138974091
:61:241125D167328,00S1031000138974105
:61:241125D30000,00S1031000138974117
:61:241125D499000,00S1031000138974146
:61:241125D25000,00S1031000138974167
:61:241125D50000,00S1031000138974181
:61:241125D216050,00S1031000138974185
:61:241125D29560,00S1031000138974190
:61:241125D26000,00S1031000138974209
:61:241125D48820,00S1031000138974210
:61:241125D50000,00S1031000138974223
:61:241125D33000,00S1031000138974225
:61:241125D85020,00S1031000138974235
:61:241125D34610,00S1031000138974240
:61:241125D500000,00S1031000138974257
:61:241125D336000,00S1031000138974295
:61:241125D20000,00S1031000138974303
:62F:C241125BDT238428668,82
-}{5:{CHK:9D4BE477514E}}                                                                                                                                                                                                                                {1:F21AGBKBDDHA0995782856306}{4:{177:2411271441}{451:0}}{1:F01AGBKBDDHA0995782856306}{2:I950EZYRGB2LXXXXN}{4:
:20:AGBKFRDBFC2021
:25:7102
:28C:11/470
:60F:C241125BDT238428668,82
:61:241125D265000,00S1031000138974306
:61:241125D102500,00S1031000138974325
:61:241125D200000,00S1031000138974350
:61:241125D15000,00S1031000138974351
:61:241125D16130,00S1031000138974358
:61:241125D126180,00S1031000138974373
:61:241125D40000,00S1031000138974378
:61:241125D50000,00S1031000138974393
:61:241125D29550,00S1031000138974410
:61:241125D20025,00S1031000138974414
:61:241125D146000,00S1031000138974415
:61:241125D195000,00S1031000138974436
:61:241125D150000,00S1031000138974455
:61:241125D50000,00S1031000138974457
:61:241125D69888,00S1031000138974461
:61:241125D368928,00S1031000138974487
:61:241125D167323,00S1031000138974506
:61:241125D100027,00S1031000138974518
:61:241125D20000,00S1031000138974519
:61:241125D21615,00S1031000138974535
:61:241125D67528,00S1031000138974555
:61:241125D50000,00S1031000138974581
:61:241125D100000,00S1031000138974587
:61:241125D100000,00S1031000138974631
:61:241125D61400,00S1031000138974640
:61:241125D60000,00S1031000138974649
:61:241125D50000,00S1031000138974661
:61:241125D87810,00S1031000138974680
:62F:C241125BDT235698764,82
-}{5:{CHK:3296FB1EFB47}}                                                                                                                                                                                                                              {1:F21AGBKBDDHA0995782856307}{4:{177:2411271441}{451:0}}{1:F01AGBKBDDHA0995782856307}{2:I950EZYRGB2LXXXXN}{4:
:20:AGBKFRDBFC2021
:25:7102
:28C:11/471
:60F:C241125BDT235698764,82
:61:241125D31165,00S1031000138974707
:61:241125D33600,00S1031000138974713
:61:241125D67200,00S1031000138974760
:61:241125D200000,00S1031000138974762
:61:241125D20000,00S1031000138974776
:61:241125D60000,00S1031000138974779
:61:241125D186282,00S1031000138974787
:61:241125D50000,00S1031000138974795
:61:241125D26386,00S1031000138974812
:61:241125D82250,00S1031000138974814
:61:241125D30000,00S1031000138974818
:61:241125D60000,00S1031000138974820
:61:241125D40000,00S1031000138974821
:61:241125D100000,00S1031000138974829
:61:241125D20000,00S1031000138974877
:61:241125D50000,00S1031000138974881
:61:241125D30000,00S1031000138974883
:61:241125D37530,00S1031000138974885
:61:241125D130000,00S1031000138974886
:61:241125D200000,00S1031000138974887
:61:241125D50000,00S1031000138974890
:61:241125D381292,00S1031000138974895
:61:241125D100000,00S1031000138974899
:61:241125D19500,00S1031000138974911
:61:241125D60000,00S1031000138974920
:61:241125D100000,00S1031000138974926
:61:241125D107520,00S1031000138974948
:61:241125D43015,00S1031000138974957
:62F:C241125BDT233383024,82
-}{5:{CHK:B6A652D6E382}}                                                                                                                                                                                                                                 {1:F21AGBKBDDHA0995782856308}{4:{177:2411271441}{451:0}}{1:F01AGBKBDDHA0995782856308}{2:I950EZYRGB2LXXXXN}{4:
:20:AGBKFRDBFC2021
:25:7102
:28C:11/472
:60F:C241125BDT233383024,82
:61:241125D83400,00S1031000138974966
:61:241125D70230,00S1031000138974967
:61:241125D100000,00S1031000138974985
:61:241125D26000,00S1031000138975011
:61:241125D43680,00S1031000138975018
:61:241125D25000,00S1031000138975027
:61:241125D335029,00S1031000138975046
:61:241125D468300,00S1031000138975049
:61:241125D29570,00S1031000138975062
:61:241125D31162,00S1031000138975073
:61:241125D241240,00S1031000138975075
:61:241125D24800,00S1031000138975091
:61:241125D487813,00S1031000138975114
:61:241125D62998,00S1031000138975116
:61:241125D50000,00S1031000138975133
:61:241125D300000,00S1031000138975134
:61:241125D900000,00S1031000138975138
:61:241125D25000,00S1031000138975146
:61:241125D60000,00S1031000138975150
:61:241125D47000,00S1031000138975155
:61:241125D200000,00S1031000138975156
:61:241125D15016,00S1031000138975157
:61:241125D70000,00S1031000138975159
:61:241125D40000,00S1031000138975163
:61:241125D338600,00S1031000138975180
:61:241125D10000,00S1031000138975191
:61:241125D20000,00S1031000138975198
:61:241125D55000,00S1031000138975202
:62F:C241125BDT229223186,82
-}{5:{CHK:710598DE71B1}}                                                                                                                                                                                                                                 {1:F21AGBKBDDHA0995782856309}{4:{177:2411271442}{451:0}}{1:F01AGBKBDDHA0995782856309}{2:I950EZYRGB2LXXXXN}{4:
:20:AGBKFRDBFC2021
:25:7102
:28C:11/473
:60F:C241125BDT229223186,82
:61:241125D52000,00S1031000138975226
:61:241125D50260,00S1031000138975236
:61:241125D100000,00S1031000138975237
:61:241125D52000,00S1031000138975239
:61:241125D97570,00S1031000138975257
:61:241125D110000,00S1031000138975265
:61:241125D30000,00S1031000138975271
:61:241125D20000,00S1031000138975273
:61:241125D60000,00S1031000138975288
:61:241125D25000,00S1031000138975292
:61:241125D53445,00S1031000138975295
:61:241125D100000,00S1031000138975324
:61:241125D14630,00S1031000138975330
:61:241125D62991,00S1031000138975332
:61:241125D100000,00S1031000138975333
:61:241125D42000,00S1031000138975334
:61:241125D25000,00S1031000138975340
:61:241125D25000,00S1031000138975345
:61:241125D234527,00S1031000138975353
:61:241125D100000,00S1031000138975361
:61:241125D35012,25S1031000138975365
:61:241125D336000,00S1031000138975371
:61:241125D50000,00S1031000138975375
:61:241125D130000,00S1031000138975376
:61:241125D39500,00S1031000138975377
:61:241125D36960,00S1031000138975416
:61:241125D116000,00S1031000138975418
:61:241125D33000,00S1031000138975429
:62F:C241125BDT227092291,57
-}{5:{CHK:E608A7D72A9D}}                                                                                                                                                                                                                                 {1:F21AGBKBDDHA0995782856310}{4:{177:2411271442}{451:0}}{1:F01AGBKBDDHA0995782856310}{2:I950EZYRGB2LXXXXN}{4:
:20:AGBKFRDBFC2021
:25:7102
:28C:11/474
:60F:C241125BDT227092291,57
:61:241125D150000,00S1031000138975438
:61:241125D40335,00S1031000138975450
:61:241125D69522,00S1031000138975457
:61:241125D125000,00S1031000138975458
:61:241125D15000,00S1031000138975470
:61:241125D500000,00S1031000138975474
:61:241125D15000,00S1031000138975489
:61:241125D59780,00S1031000138975495
:61:241125D43501,00S1031000138975511
:61:241125D30000,00S1031000138975515
:61:241125D56000,00S1031000138975549
:61:241125D50000,00S1031000138975553
:61:241125D50000,00S1031000138975561
:61:241125D16146,00S1031000138975565
:61:241125D439370,00S1031000138975595
:61:241125D43355,00S1031000138975601
:61:241125D39500,00S1031000138975621
:61:241125D50000,00S1031000138975626
:61:241125D100000,00S1031000138975630
:61:241125D30239,00S1031000138975635
:61:241125D30054,00S1031000138975646
:61:241125D98000,00S1031000138975661
:61:241125D292700,00S1031000138975664
:61:241125D97565,00S1031000138975665
:61:241125D50000,00S1031000138975670
:61:241125D271488,00S1031000138975672
:61:241125D25011,00S1031000138975675
:61:241125D16128,00S1031000138975702
:62F:C241125BDT224288597,57
-}{5:{CHK:DCC1D081F321}}                                                                                                                                                                                                                                   {1:F21AGBKBDDHA0995782856311}{4:{177:2411271442}{451:0}}{1:F01AGBKBDDHA0995782856311}{2:I950EZYRGB2LXXXXN}{4:
:20:AGBKFRDBFC2021
:25:7102
:28C:11/475
:60F:C241125BDT224288597,57
:61:241125D120015,00S1031000138975715
:61:241125D100020,00S1031000138975716
:61:241125D71000,00S1031000138975720
:61:241125D166800,00S1031000138975723
:61:241125D200000,00S1031000138975725
:61:241125D200000,00S1031000138975731
:61:241125D120256,00S1031000138975740
:61:241125D10000,00S1031000138975749
:61:241125D150000,00S1031000138975752
:61:241125D32826,00S1031000138975761
:61:241125D115000,00S1031000138975776
:61:241125D438750,00S1031000138975780
:61:241125D487810,00S1031000138975796
:61:241125D62150,00S1031000138975799
:61:241125D34350,00S1031000138975800
:61:241125D100000,00S1031000138975805
:61:241125D40015,00S1031000138975810
:61:241125D50000,00S1031000138975815
:61:241125D36000,00S1031000138975821
:61:241125D50000,00S1031000138975822
:61:241125D50000,00S1031000138975826
:61:241125D41327,00S1031000138975846
:61:241125D50000,00S1031000138975857
:61:241125D100000,00S1031000138975861
:61:241125D265000,00S1031000138975867
:61:241125D33000,00S1031000138975871
:61:241125D10080,00S1031000138975890
:61:241125D60000,00S1031000138975896
:62F:C241125BDT221094198,57
-}{5:{CHK:223827422BE9}}                                                                                                                                                                                                                             {1:F21AGBKBDDHA0995782856312}{4:{177:2411271443}{451:0}}{1:F01AGBKBDDHA0995782856312}{2:I950EZYRGB2LXXXXN}{4:
:20:AGBKFRDBFC2021
:25:7102
:28C:11/476
:60F:C241125BDT221094198,57
:61:241125D40000,00S1031000138975899
:61:241125D60464,00S1031000138975910
:61:241125D140000,00S1031000138975913
:61:241125D35000,00S1031000138975915
:61:241125D50000,00S1031000138975917
:61:241125D46000,00S1031000138975933
:61:241125D150000,00S1031000138975937
:61:241125D46700,00S1031000138975941
:61:241125D150000,00S1031000138975942
:61:241125D60000,00S1031000138975943
:61:241125D30000,00S1031000138975971
:61:241125D35000,00S1031000138975972
:61:241125D105007,00S1031000138975979
:61:241125D50000,00S1031000138975980
:61:241125D50000,00S1031000138975986
:61:241125D30000,00S1031000138975993
:61:241125D43000,00S1031000138976006
:61:241125D200000,00S1031000138976012
:61:241125D48785,00S1031000138976014
:61:241125D35000,00S1031000138976017
:61:241125D50025,00S1031000138976022
:61:241125D60000,00S1031000138976035
:61:241125D13000,00S1031000138976037
:61:241125D60000,00S1031000138976052
:61:241125D47000,00S1031000138976054
:61:241125D146350,00S1031000138976062
:61:241125D400000,00S1031000138976063
:61:241125D113570,00S1031000138976067
:62F:C241125BDT218799297,57
-}{5:{CHK:6AAD1051AC30}}                                                                                                                                                                                                                                  {1:F21AGBKBDDHA0995782856313}{4:{177:2411271443}{451:0}}{1:F01AGBKBDDHA0995782856313}{2:I950EZYRGB2LXXXXN}{4:
:20:AGBKFRDBFC2021
:25:7102
:28C:11/477
:60F:C241125BDT218799297,57
:61:241125D60000,00S1031000138976074
:61:241125D50014,65S1031000138976082
:61:241125D24000,00S1031000138976096
:61:241125D400000,00S1031000138976098
:61:241125D159150,00S1031000138976111
:61:241125D50000,00S1031000138976114
:61:241125D40000,00S1031000138976117
:61:241125D22000,00S1031000138976118
:61:241125D50000,00S1031000138976125
:61:241125D60000,00S1031000138976132
:61:241125D65000,00S1031000138976140
:61:241125D100000,00S1031000138976153
:61:241125D566594,00S1031000138976154
:61:241125D417960,00S1031000138976167
:61:241125D18000,00S1031000138976174
:61:241125D50000,00S1031000138976190
:61:241125D318434,00S1031000138976199
:61:241125D200809,00S1031000138976225
:61:241125D50000,00S1031000138976229
:61:241125D106850,00S1031000138976260
:61:241125D200000,00S1031000138976270
:61:241125D20488,00S1031000138976271
:61:241125D508065,00S1031000138976278
:61:241125D40000,00S1031000138976283
:61:241125D36260,00S1031000138976284
:61:241125D46380,00S1031000138976287
:61:241125D88000,00S1031000138976293
:61:241125D50000,00S1031000138976300
:62F:C241125BDT215001292,92
-}{5:{CHK:F1CABA5CFB2B}}                                                                                                                                                                                                                                {1:F21AGBKBDDHA0995782856314}{4:{177:2411271443}{451:0}}{1:F01AGBKBDDHA0995782856314}{2:I950EZYRGB2LXXXXN}{4:
:20:AGBKFRDBFC2021
:25:7102
:28C:11/478
:60F:C241125BDT215001292,92
:61:241125D530000,00S1031000138976307
:61:241125D20000,00S1031000138976314
:61:241125D126818,00S1031000138976324
:61:241125D36300,00S1031000138976343
:61:241125D25000,00S1031000138976351
:61:241125D100000,00S1031000138976355
:61:241125D50000,00S1031000138976356
:61:241125D40000,00S1031000138976358
:61:241125D168000,00S1031000138976367
:61:241125D70000,00S1031000138976369
:61:241125D25000,00S1031000138976375
:61:241125D104558,00S1031000138976382
:61:241125D50000,00S1031000138976393
:61:241125D30000,00S1031000138976395
:61:241125D10000,00S1031000138976399
:61:241125D100000,00S1031000138976400
:61:241125D40000,00S1031000138976401
:61:241125D60000,00S1031000138976410
:61:241125D40000,00S1031000138976414
:61:241125D23025,00S1031000138976418
:61:241125D33600,00S1031000138976420
:61:241125D42000,00S1031000138976437
:61:241125D25000,00S1031000138976441
:61:241125D86688,00S1031000138976449
:61:241125D38000,00S1031000138976451
:61:241125D97565,00S1031000138976460
:61:241125D50000,00S1031000138976461
:61:241125D50000,00S1031000138976473
:62F:C241125BDT212929738,92
-}{5:{CHK:CC9060D06CD5}}                                                                                                                                                                                                                                    {1:F21AGBKBDDHA0995782856315}{4:{177:2411271443}{451:0}}{1:F01AGBKBDDHA0995782856315}{2:I950EZYRGB2LXXXXN}{4:
:20:AGBKFRDBFC2021
:25:7102
:28C:11/479
:60F:C241125BDT212929738,92
:61:241125D35000,00S1031000138976476
:61:241125D50000,00S1031000138976493
:61:241125D26208,00S1031000138976496
:61:241125D90000,00S1031000138976503
:61:241125D48050,00S1031000138976507
:61:241125D200000,00S1031000138976508
:61:241125D80000,00S1031000138976512
:61:241125D26880,00S1031000138976519
:61:241125D50400,00S1031000138976550
:61:241125D12065,00S1031000138976551
:61:241125D100000,00S1031000138976559
:61:241125D50000,00S1031000138976564
:61:241125D30000,00S1031000138976566
:61:241125D79065,00S1031000138976594
:61:241125D103000,00S1031000138976598
:61:241125D100000,00S1031000138976602
:61:241125D487813,00S1031000138976605
:61:241125D19490,00S1031000138976608
:61:241125D32930,00S1031000138976616
:61:241125D40000,00S1031000138976620
:61:241125D20000,00S1031000138976629
:61:241125D10000,00S1031000138976648
:61:241125D20000,00S1031000138976649
:61:241125D50000,00S1031000138976665
:61:241125D66530,00S1031000138976673
:61:241125D66720,00S1031000138976678
:61:241125D240000,00S1031000138976680
:61:241125D220874,00S1031000138976689
:62F:C241125BDT210574713,92
-}{5:{CHK:68D3CFAED7B2}}                                                                                                                                                                                                                                   {1:F21AGBKBDDHA0995782856317}{4:{177:2411271444}{451:0}}{1:F01AGBKBDDHA0995782856317}{2:I950EZYRGB2LXXXXN}{4:
:20:AGBKFRDBFC2021
:25:7102
:28C:11/480
:60F:C241125BDT210574713,92
:61:241125D100000,00S1031000138976695
:61:241125D30015,00S1031000138976705
:61:241125D132000,00S1031000138976713
:61:241125D300000,00S1031000138976726
:61:241125D200874,00S1031000138976728
:61:241125D40000,00S1031000138976729
:61:241125D70000,00S1031000138976730
:61:241125D30015,00S1031000138976731
:61:241125D63000,00S1031000138976742
:61:241125D116925,00S1031000138976747
:61:241125D102890,00S1031000138976755
:61:241125D185000,00S1031000138976758
:61:241125D490000,00S1031000138976761
:61:241125D42834,00S1031000138976775
:61:241125D70000,00S1031000138976781
:61:241125D50000,00S1031000138976791
:61:241125D66528,00S1031000138976800
:61:241125D60000,00S1031000138976816
:61:241125D200000,00S1031000138976821
:61:241125D36158,00S1031000138976826
:61:241125D300000,00S1031000138976834
:61:241125D41000,00S1031000138976843
:61:241125D37530,00S1031000138976844
:61:241125D40000,00S1031000138976845
:61:241125D500000,00S1031000138976848
:61:241125D50000,00S1031000138976877
:61:241125D20000,00S1031000138976890
:61:241125D369500,00S1031000138976891
:62F:C241125BDT206830444,92
-}{5:{CHK:CCA2FC7BDA12}}                                                                                                                                                                                                                              {1:F21AGBKBDDHA0995782856318}{4:{177:2411271444}{451:0}}{1:F01AGBKBDDHA0995782856318}{2:I950EZYRGB2LXXXXN}{4:
:20:AGBKFRDBFC2021
:25:7102
:28C:11/481
:60F:C241125BDT206830444,92
:61:241125D72860,00S1031000138976899
:61:241125D45000,00S1031000138976901
:61:241125D66525,00S1031000138976906
:61:241125D32930,00S1031000138976913
:61:241125D50000,00S1031000138976924
:61:241125D30850,00S1031000138976928
:61:241125D60000,00S1031000138976931
:61:241125D33560,00S1031000138976934
:61:241125D8000,00S1031000138976936
:61:241125D36960,00S1031000138976940
:61:241125D312200,00S1031000138976954
:61:241125D68020,00S1031000138976958
:61:241125D140020,00S1031000138976960
:61:241125D15000,00S1031000138976969
:61:241125D175500,00S1031000138976979
:61:241125D146000,00S1031000138976983
:61:241125D300000,00S1031000138976984
:61:241125D40330,00S1031000138976990
:61:241125D53445,00S1031000138976992
:61:241125D444955,00S1031000138976995
:61:241125D33310,00S1031000138976996
:61:241125D100000,00S1031000138976997
:61:241125D170000,00S1031000138977006
:61:241125D335328,00S1031000138977016
:61:241125D40016,00S1031000138977020
:61:241125D30000,00S1031000138977023
:61:241125D25000,00S1031000138977031
:61:241125D60000,00S1031000138977034
:62F:C241125BDT203904635,92
-}{5:{CHK:EBFD141FAE97}}                                                                                                                                                                                                                                  {1:F21AGBKBDDHA0995782856319}{4:{177:2411271444}{451:0}}{1:F01AGBKBDDHA0995782856319}{2:I950EZYRGB2LXXXXN}{4:
:20:AGBKFRDBFC2021
:25:7102
:28C:11/482
:60F:C241125BDT203904635,92
:61:241125D20000,00S1031000138977037
:61:241125D165000,00S1031000138977043
:61:241125D50000,00S1031000138977048
:61:241125D55000,00S1031000138977052
:61:241125D30025,00S1031000138977054
:61:241125D480000,00S1031000138977058
:61:241125D200000,00S1031000138977060
:61:241125D40016,00S1031000138977064
:61:241125D100000,00S1031000138977065
:61:241125D50000,00S1031000138977067
:61:241125D32930,00S1031000138977068
:61:241125D268240,00S1031000138977069
:61:241125D200000,00S1031000138977070
:61:241125D268128,00S1031000138977074
:61:241125D200000,00S1031000138977075
:61:241125D40000,00S1031000138977081
:61:241125D50000,00S1031000138977085
:61:241125D70000,00S1031000138977093
:61:241125D195125,00S1031000138977120
:61:241125D146600,00S1031000138977126
:61:241125D80000,00S1031000138977134
:61:241125D46005,00S1031000138977140
:61:241125D390260,00S1031000138977143
:61:241125D20000,00S1031000138977149
:61:241125D261420,00S1031000138977152
:61:241125D58537,00S1031000138977154
:61:241125D97780,00S1031000138977156
:61:241125D32834,00S1031000138977161
:62F:C241125BDT200256735,92
-}{5:{CHK:42E3BDBC55E5}}                                                                                                                                                                                                                              {1:F21AGBKBDDHA0995782856320}{4:{177:2411271444}{451:0}}{1:F01AGBKBDDHA0995782856320}{2:I950EZYRGB2LXXXXN}{4:
:20:AGBKFRDBFC2021
:25:7102
:28C:11/483
:60F:C241125BDT200256735,92
:61:241125D30000,00S1031000138977165
:61:241125D20000,00S1031000138977174
:61:241125D73246,00S1031000138977177
:61:241125D52000,00S1031000138977184
:61:241125D500000,00S1031000138977188
:61:241125D24000,00S1031000138977189
:61:241125D100000,00S1031000138977191
:61:241125D243915,00S1031000138977192
:61:241125D50000,00S1031000138977196
:61:241125D100088,00S1031000138977215
:61:241125D96040,00S1031000138977218
:61:241125D50000,00S1031000138977224
:61:241125D32928,00S1031000138977225
:61:241125D180000,00S1031000138977231
:61:241125D26688,00S1031000138977236
:61:241125D300000,00S1031000138977239
:61:241125D25000,00S1031000138977252
:61:241125D100001,00S1031000138977258
:61:241125D39650,00S1031000138977265
:61:241125D130000,00S1031000138977267
:61:241125D27055,50S1031000138977270
:61:241125D336000,00S1031000138977277
:61:241125D500000,00S1031000138977279
:61:241125D53000,00S1031000138977283
:61:241125D160128,00S1031000138977287
:61:241125D50000,00S1031000138977306
:61:241125D32000,00S1031000138977307
:61:241125D40016,00S1031000138977308
:62F:C241125BDT196884980,42
-}{5:{CHK:E6D7B9867385}}                                                                                                                                                                                                                               {1:F21AGBKBDDHA0995782856321}{4:{177:2411271445}{451:0}}{1:F01AGBKBDDHA0995782856321}{2:I950EZYRGB2LXXXXN}{4:
:20:AGBKFRDBFC2021
:25:7102
:28C:11/484
:60F:C241125BDT196884980,42
:61:241125D60160,00S1031000138977309
:61:241125D60000,00S1031000138977310
:61:241125D97570,00S1031000138977311
:61:241125D100000,00S1031000138977319
:61:241125D146350,00S1031000138977323
:61:241125D100000,00S1031000138977331
:61:241125D25000,00S1031000138977339
:61:241125D50000,00S1031000138977341
:61:241125D26880,00S1031000138977358
:61:241125D31165,00S1031000138977364
:61:241125D100000,00S1031000138977370
:61:241125D50000,00S1031000138977372
:61:241125D300000,00S1031000138977377
:61:241125D90060,00S1031000138977381
:61:241125D400000,00S1031000138977389
:61:241125D100000,00S1031000138977393
:61:241125D60000,00S1031000138977407
:61:241125D200000,00S1031000138977410
:61:241125D45000,00S1031000138977413
:61:241125D21000,00S1031000138977414
:61:241125D33000,00S1031000138977418
:61:241125D50000,00S1031000138977421
:61:241125D170000,00S1031000138977433
:61:241125D73720,00S1031000138977438
:61:241125D100000,00S1031000138977446
:61:241125D31230,00S1031000138977449
:61:241125D165000,00S1031000138977452
:61:241125D70000,00S1031000138977454
:62F:C241125BDT194128845,42
-}{5:{CHK:9A9943960657}}                                                                                                                                                                                                                               {1:F21AGBKBDDHA0995782856322}{4:{177:2411271445}{451:0}}{1:F01AGBKBDDHA0995782856322}{2:I950EZYRGB2LXXXXN}{4:
:20:AGBKFRDBFC2021
:25:7102
:28C:11/485
:60F:C241125BDT194128845,42
:61:241125D39506,00S1031000138977458
:61:241125D270000,00S1031000138977459
:61:241125D25000,00S1031000138977461
:61:241125D70000,00S1031000138977468
:61:241125D32834,00S1031000138977479
:61:241125D40000,00S1031000138977482
:61:241125D100000,00S1031000138977485
:61:241125D51255,00S1031000138977487
:61:241125D103460,00S1031000138977488
:61:241125D75000,00S1031000138977505
:61:241125D101475,00S1031000138977511
:61:241125D335330,00S1031000138977520
:61:241125D100000,00S1031000138977524
:61:241125D250000,00S1031000138977530
:61:241125D70250,00S1031000138977532
:61:241125D100000,00S1031000138977545
:61:241125D100000,00S1031000138977546
:61:241125D15020,00S1031000138977557
:61:241125D100000,00S1031000138977558
:61:241125D15000,00S1031000138977560
:61:241125D73210,00S1031000138977562
:61:241125D300000,00S1031000138977563
:61:241125D20016,00S1031000138977565
:61:241125D53100,00S1031000138977567
:61:241125D35000,00S1031000138977570
:61:241125D110000,00S1031000138977572
:61:241125D120104,00S1031000138977577
:61:241125D250000,00S1031000138977579
:62F:C241125BDT191173285,42
-}{5:{CHK:7741677AE410}}                                                                                                                                                                                                                            {1:F21AGBKBDDHA0995782856323}{4:{177:2411271445}{451:0}}{1:F01AGBKBDDHA0995782856323}{2:I950EZYRGB2LXXXXN}{4:
:20:AGBKFRDBFC2021
:25:7102
:28C:11/486
:60F:C241125BDT191173285,42
:61:241125D5000,00S1031000138977586
:61:241125D120000,00S1031000138977590
:61:241125D80020,00S1031000138977602
:61:241125D50000,00S1031000138977605
:61:241125D31830,00S1031000138977614
:61:241125D100740,00S1031000138977620
:61:241125D32000,00S1031000138977622
:61:241125D50000,00S1031000138977626
:61:241125D200000,00S1031000138977628
:61:241125D50000,00S1031000138977632
:61:241125D100000,00S1031000138977633
:61:241125D50000,00S1031000138977635
:61:241125D40000,00S1031000138977638
:61:241125D56440,00S1031000138977651
:61:241125D165000,00S1031000138977656
:61:241125D33000,00S1031000138977669
:61:241125D170000,00S1031000138977670
:61:241125D400000,00S1031000138977676
:61:241125D354905,00S1031000138977677
:61:241125D43650,00S1031000138977680
:61:241125D44015,00S1031000138977687
:61:241125D35000,00S1031000138977689
:61:241125D70000,00S1031000138977696
:61:241125D86000,00S1031000138977704
:61:241125D50000,00S1031000138977712
:61:241125D335128,00S1031000138977714
:61:241125D66186,00S1031000138977727
:61:241125D165000,00S1031000138977729
:62F:C241125BDT188189371,42
-}{5:{CHK:25057828CBB2}}                                                                                                                                                                                                                                 {1:F21AGBKBDDHA0995782856324}{4:{177:2411271445}{451:0}}{1:F01AGBKBDDHA0995782856324}{2:I950EZYRGB2LXXXXN}{4:
:20:AGBKFRDBFC2021
:25:7102
:28C:11/487
:60F:C241125BDT188189371,42
:61:241125D71195,00S1031000138977742
:61:241125D218205,00S1031000138977747
:61:241125D400000,00S1031000138977756
:61:241125D55000,00S1031000138977765
:61:241125D97570,00S1031000138977779
:61:241125D31220,00S1031000138977785
:61:241125D170000,00S1031000138977792
:61:241125D168000,00S1031000138977806
:61:241125D100000,00S1031000138977814
:61:241125D37830,00S1031000138977826
:61:241125D312200,00S1031000138977829
:61:241125D35000,00S1031000138977835
:61:241125D165000,00S1031000138977838
:61:241125D50000,00S1031000138977842
:61:241125D100000,00S1031000138977869
:61:241125D271431,00S1031000138977870
:61:241125D50000,00S1031000138977872
:61:241125D26210,00S1031000138977879
:61:241125D97565,00S1031000138977880
:61:241125D19640,00S1031000138977886
:61:241125D65000,00S1031000138977888
:61:241125D29270,00S1031000138977891
:61:241125D185000,00S1031000138977910
:61:241125D317635,00S1031000138977914
:61:241125D105962,00S1031000138977915
:61:241125D50000,00S1031000138977924
:61:241125D12000,00S1031000138977925
:61:241125D335340,00S1031000138977926
:62F:C241125BDT184613098,42
-}{5:{CHK:11C47576096A}}                                                                                                                                                                                                                             {1:F21AGBKBDDHA0995782856325}{4:{177:2411271446}{451:0}}{1:F01AGBKBDDHA0995782856325}{2:I950EZYRGB2LXXXXN}{4:
:20:AGBKFRDBFC2021
:25:7102
:28C:11/488
:60F:C241125BDT184613098,42
:61:241125D97561,00S1031000138977943
:61:241125D97565,00S1031000138977944
:61:241125D700000,00S1031000138977958
:61:241125D170000,00S1031000138977967
:61:241125D19515,00S1031000138977968
:61:241125D60000,00S1031000138977977
:61:241125D29000,00S1031000138977989
:61:241125D35115,00S1031000138977992
:61:241125D100000,00S1031000138977994
:61:241125D165000,00S1031000138977997
:61:241125D190000,00S1031000138978006
:61:241125D35000,00S1031000138978015
:61:241125D29014,00S1031000138978019
:61:241125D15000,00S1031000138978021
:61:241125D20000,00S1031000138978024
:61:241125D15000,00S1031000138978026
:61:241125D73920,00S1031000138978034
:61:241125D224340,00S1031000138978040
:61:241125D115000,00S1031000138978052
:61:241125D100000,00S1031000138978064
:61:241125D100000,00S1031000138978065
:61:241125D222810,00S1031000138978071
:61:241125D88000,00S1031000138978080
:61:241125D15000,00S1031000138978085
:61:241125D76000,00S1031000138978089
:61:241125D100000,00S1031000138978093
:61:241125D48785,00S1031000138978101
:61:241125D126832,00S1031000138978106
:62F:C241125BDT181544641,42
-}{5:{CHK:4B54113D80E4}}                                                                                                                                                                                                                              {1:F21AGBKBDDHA0995782856326}{4:{177:2411271446}{451:0}}{1:F01AGBKBDDHA0995782856326}{2:I950EZYRGB2LXXXXN}{4:
:20:AGBKFRDBFC2021
:25:7102
:28C:11/489
:60F:C241125BDT181544641,42
:61:241125D65000,00S1031000138978107
:61:241125D117530,00S1031000138978114
:61:241125D50000,00S1031000138978122
:61:241125D270000,00S1031000138978131
:61:241125D300000,00S1031000138978142
:61:241125D50000,00S1031000138978153
:61:241125D30000,00S1031000138978159
:61:241125D15000,00S1031000138978165
:61:241125D49700,00S1031000138978168
:61:241125D230000,00S1031000138978181
:61:241125D46271,00S1031000138978198
:61:241125D60000,00S1031000138978227
:61:241125D103427,00S1031000138978230
:61:241125D105000,00S1031000138978243
:61:241125D170000,00S1031000138978244
:61:241125D51708,00S1031000138978251
:61:241125D20000,00S1031000138978253
:61:241125D48050,00S1031000138978262
:61:241125D100000,00S1031000138978267
:61:241125D50000,00S1031000138978296
:61:241125D235200,00S1031000138978297
:61:241125D500000,00S1031000138978298
:61:241125D35018,00S1031000138978303
:61:241125D50000,00S1031000138978306
:61:241125D110000,00S1031000138978310
:61:241125D100027,20S1031000138978313
:61:241125D46704,00S1031000138978314
:61:241125D76610,00S1031000138978316
:62F:C241125BDT178459396,22
-}{5:{CHK:A1D39742BB74}}                                                                                                                                                                                                                              {1:F21AGBKBDDHA0995782856327}{4:{177:2411271446}{451:0}}{1:F01AGBKBDDHA0995782856327}{2:I950EZYRGB2LXXXXN}{4:
:20:AGBKFRDBFC2021
:25:7102
:28C:11/490
:60F:C241125BDT178459396,22
:61:241125D40320,00S1031000138978318
:61:241125D65000,00S1031000138978326
:61:241125D110780,00S1031000138978332
:61:241125D16128,00S1031000138978344
:61:241125D487813,00S1031000138978352
:61:241125D100000,00S1031000138978355
:61:241125D20000,00S1031000138978360
:61:241125D90000,00S1031000138978369
:61:241125D500000,00S1031000138978381
:61:241125D50000,00S1031000138978384
:61:241125D32930,00S1031000138978394
:61:241125D170000,00S1031000138978420
:61:241125D120200,00S1031000138978423
:61:241125D134000,00S1031000138978427
:61:241125D43640,00S1031000138978431
:61:241125D107190,00S1031000138978447
:61:241125D125000,00S1031000138978452
:61:241125D20000,00S1031000138978458
:61:241125D268128,00S1031000138978466
:61:241125D200000,00S1031000138978469
:61:241125D169995,00S1031000138978470
:61:241125D67000,00S1031000138978476
:61:241125D195500,00S1031000138978489
:61:241125D50000,00S1031000138978490
:61:241125D50000,00S1031000138978492
:61:241125D35000,00S1031000138978493
:61:241125D100000,00S1031000138978502
:61:241125D60000,00S1031000138978503
:62F:C241125BDT175030772,22
-}{5:{CHK:609CE4A3C144}}                                                                                                                                                                                                                            {1:F21AGBKBDDHA0995782856328}{4:{177:2411271447}{451:0}}{1:F01AGBKBDDHA0995782856328}{2:I950EZYRGB2LXXXXN}{4:
:20:AGBKFRDBFC2021
:25:7102
:28C:11/491
:60F:C241125BDT175030772,22
:61:241125D10000,00S1031000138978504
:61:241125D78100,00S1031000138978510
:61:241125D130000,00S1031000138978517
:61:241125D400325,00S1031000138978522
:61:241125D30000,00S1031000138978535
:61:241125D200874,00S1031000138978539
:61:241125D50000,00S1031000138978556
:61:241125D100000,00S1031000138978563
:61:241125D43904,00S1031000138978567
:61:241125D100000,00S1031000138978568
:61:241125D160000,00S1031000138978578
:61:241125D120000,00S1031000138978602
:61:241125D101024,00S1031000138978612
:61:241125D97565,00S1031000138978620
:61:241125D400320,00S1031000138978623
:61:241125D200000,00S1031000138978642
:61:241125D31165,00S1031000138978644
:61:241125D40000,00S1031000138978650
:61:241125D100000,00S1031000138978664
:61:241125D170000,00S1031000138978666
:61:241125D119570,00S1031000138978703
:61:241125D80000,00S1031000138978714
:61:241125D133728,00S1031000138978715
:61:241125D251328,00S1031000138978728
:61:241125D10000,00S1031000138978738
:61:241125D180610,00S1031000138978740
:61:241125D8000,00S1031000138978744
:61:241125D20000,00S1031000138978745
:62F:C241125BDT171664259,22
-}{5:{CHK:FE5096B6A4DE}}                                                                                                                                                                                                                           {1:F21AGBKBDDHA0995782856329}{4:{177:2411271447}{451:0}}{1:F01AGBKBDDHA0995782856329}{2:I950EZYRGB2LXXXXN}{4:
:20:AGBKFRDBFC2021
:25:7102
:28C:11/492
:60F:C241125BDT171664259,22
:61:241125D100000,00S1031000138978754
:61:241125D30245,00S1031000138978755
:61:241125D199626,00S1031000138978758
:61:241125D500000,00S1031000138978766
:61:241125D200015,00S1031000138978771
:61:241125D195122,00S1031000138978779
:61:241125D90001,04S1031000138978782
:61:241125D150000,00S1031000138978792
:61:241125D10000,00S1031000138978795
:61:241125D60006,00S1031000138978809
:61:241125D100000,00S1031000138978817
:61:241125D100000,00S1031000138978827
:61:241125D204000,00S1031000138978829
:61:241125D115000,00S1031000138978841
:61:241125D25000,00S1031000138978849
:61:241125D97565,00S1031000138978878
:61:241125D233500,00S1031000138978891
:61:241125D100000,00S1031000138978896
:61:241125D20160,00S1031000138978897
:61:241125D72000,00S1031000138978904
:61:241125D14450,00S1031000138978913
:61:241125D55000,00S1031000138978920
:61:241125D100000,00S1031000138978926
:61:241125D318904,00S1031000138978935
:61:241125D47030,00S1031000138978944
:61:241125D116930,00S1031000138978948
:61:241125D65000,00S1031000138978952
:61:241125D50000,00S1031000138978953
:62F:C241125BDT168294705,18
-}{5:{CHK:666BC7038FC3}}                                                                                                                                                                                                                           {1:F21AGBKBDDHA0995782856330}{4:{177:2411271447}{451:0}}{1:F01AGBKBDDHA0995782856330}{2:I950EZYRGB2LXXXXN}{4:
:20:AGBKFRDBFC2021
:25:7102
:28C:11/493
:60F:C241125BDT168294705,18
:61:241125D33600,00S1031000138978956
:61:241125D50400,00S1031000138978957
:61:241125D49700,00S1031000138978963
:61:241125D10000,00S1031000138978967
:61:241125D232986,00S1031000138978972
:61:241125D500000,00S1031000138978977
:61:241125D158000,00S1031000138978982
:61:241125D40000,00S1031000138978983
:61:241125D500000,00S1031000138978985
:61:241125D32889,00S1031000138978998
:61:241125D50000,00S1031000138979007
:61:241125D450000,00S1031000138979011
:61:241125D200000,00S1031000138979037
:61:241125D167330,00S1031000138979049
:61:241125D32930,00S1031000138979057
:61:241125D49000,00S1031000138979067
:61:241125D167340,00S1031000138979069
:61:241125D167335,00S1031000138979092
:61:241125D30024,00S1031000138979119
:61:241125D100000,00S1031000138979129
:61:241125D336000,00S1031000138979131
:61:241125D335029,00S1031000138979134
:61:241125D150000,00S1031000138979145
:61:241125D64309,00S1031000138979152
:61:241125D200000,00S1031000138979156
:61:241125D100000,00S1031000138979164
:61:241125D200000,00S1031000138979166
:61:241125D21168,00S1031000138979167
:62F:C241125BDT163866665,18
-}{5:{CHK:0F545EB7F14E}}                                                                                                                                                                                                                          {1:F21AGBKBDDHA0995782856331}{4:{177:2411271447}{451:0}}{1:F01AGBKBDDHA0995782856331}{2:I950EZYRGB2LXXXXN}{4:
:20:AGBKFRDBFC2021
:25:7102
:28C:11/494
:60F:C241125BDT163866665,18
:61:241125D200000,00S1031000138979169
:61:241125D200160,00S1031000138979172
:61:241125D100000,00S1031000138979173
:61:241125D150020,00S1031000138979181
:61:241125D140000,00S1031000138979183
:61:241125D66700,00S1031000138979189
:61:241125D21660,00S1031000138979191
:61:241125D130000,00S1031000138979205
:61:241125D216840,00S1031000138979214
:61:241125D70000,00S1031000138979218
:61:241125D50000,00S1031000138979220
:61:241125D97500,00S1031000138979223
:61:241125D98030,00S1031000138979225
:61:241125D20000,00S1031000138979231
:61:241125D130000,00S1031000138979241
:61:241125D19640,00S1031000138979242
:61:241125D23020,00S1031000138979254
:61:241125D340014,25S1031000138979257
:61:241125D30000,00S1031000138979294
:61:241125D50000,00S1031000138979321
:61:241125D170000,00S1031000138979351
:61:241125D169995,00S1031000138979357
:61:241125D240097,00S1031000138979358
:61:241125D100130,00S1031000138979365
:61:241125D100020,00S1031000138979370
:61:241125D202270,00S1031000138979371
:61:241125D167330,00S1031000138979378
:61:241125D167340,00S1031000138979382
:62F:C241125BDT160395898,93
-}{5:{CHK:211687E7A277}}                                                                                                                                                                                                                         {1:F21AGBKBDDHA0995782856332}{4:{177:2411271448}{451:0}}{1:F01AGBKBDDHA0995782856332}{2:I950EZYRGB2LXXXXN}{4:
:20:AGBKFRDBFC2021
:25:7102
:28C:11/495
:60F:C241125BDT160395898,93
:61:241125D42000,00S1031000138979383
:61:241125D170000,00S1031000138979385
:61:241125D165000,00S1031000138979390
:61:241125D167328,00S1031000138979392
:61:241125D170000,00S1031000138979406
:61:241125D170000,00S1031000138979411
:61:241125D165000,00S1031000138979414
:61:241125D170000,00S1031000138979416
:61:241125D165000,00S1031000138979427
:61:241125D170000,00S1031000138979493
:61:241125D20000,00S1031000138979496
:61:241125D73260,31S1031000138979822
:61:241125D500000,00S1031000138979963
:61:241125D50000,00S1031000138979973
:61:241125D55000,00S1031000138979981
:61:241125D11000,00S1031000138979982
:61:241125D20000,00S1031000138979985
:61:241125D43391,00S1031000138980000
:61:241125D240000,00S1031000138980002
:61:241125D195150,00S1031000138980009
:61:241125D320000,00S1031000138980010
:61:241125D32120,00S1031000138980023
:61:241125D49730,00S1031000138980025
:61:241125D298535,00S1031000138980031
:61:241125D90050,00S1031000138980046
:61:241125D167328,00S1031000138980053
:61:241125D113433,00S1031000138980063
:61:241125D97565,00S1031000138980068
:62F:C241125BDT156465008,62
-}{5:{CHK:8B3107BC3E14}}                                                                                                                                                                                                                          {1:F21AGBKBDDHA0995782856333}{4:{177:2411271448}{451:0}}{1:F01AGBKBDDHA0995782856333}{2:I950EZYRGB2LXXXXN}{4:
:20:AGBKFRDBFC2021
:25:7102
:28C:11/496
:60F:C241125BDT156465008,62
:61:241125D260000,00S1031000138980069
:61:241125D234319,00S1031000138980070
:61:241125D120000,00S1031000138980079
:61:241125D100000,00S1031000138980085
:61:241125D50000,00S1031000138980097
:61:241125D100000,00S1031000138980102
:61:241125D145000,00S1031000138980105
:61:241125D31830,00S1031000138980107
:61:241125D50015,00S1031000138980123
:61:241125D13000,00S1031000138980128
:61:241125D31165,00S1031000138980144
:61:241125D60510,00S1031000138980154
:61:241125D487805,00S1031000138980172
:61:241125D60000,00S1031000138980185
:61:241125D70000,00S1031000138980195
:61:241125D29270,00S1031000138980196
:61:241125D63202,00S1031000138980201
:61:241125D120000,00S1031000138980216
:61:241125D400000,00S1031000138980229
:61:241125D150000,00S1031000138980237
:61:241125D33599,00S1031000138980241
:61:241125D65000,00S1031000138980247
:61:241125D158485,00S1031000138980248
:61:241125D54000,00S1031000138980249
:61:241125D60000,00S1031000138980261
:61:241125D273175,00S1031000138980271
:61:241125D42000,00S1031000138980273
:61:241125D50000,00S1031000138980277
:62F:C241125BDT153152633,62
-}{5:{CHK:3F6C936AF43A}}                                                                                                                                                                                                                              {1:F21AGBKBDDHA0995782856334}{4:{177:2411271448}{451:0}}{1:F01AGBKBDDHA0995782856334}{2:I950EZYRGB2LXXXXN}{4:
:20:AGBKFRDBFC2021
:25:7102
:28C:11/497
:60F:C241125BDT153152633,62
:61:241125D461535,00S1031000138980305
:61:241125D335328,00S1031000138980306
:61:241125D487805,00S1031000138980307
:61:241125D33600,00S1031000138980322
:61:241125D232994,00S1031000138980333
:61:241125D220000,00S1031000138980337
:61:241125D19482,00S1031000138980340
:61:241125D120000,00S1031000138980341
:61:241125D500000,00S1031000138980345
:61:241125D60000,00S1031000138980352
:61:241125D146330,00S1031000138980369
:61:241125D52000,00S1031000138980378
:61:241125D170000,00S1031000138980390
:61:241125D25000,00S1031000138980396
:61:241125D130000,00S1031000138980402
:61:241125D20000,00S1031000138980405
:61:241125D50024,00S1031000138980408
:61:241125D254000,00S1031000138980419
:61:241125D107530,00S1031000138980420
:61:241125D170000,00S1031000138980423
:61:241125D250013,00S1031000138980425
:61:241125D19515,00S1031000138980429
:61:241125D35000,00S1031000138980430
:61:241125D170000,00S1031000138980437
:61:241125D121224,00S1031000138980443
:61:241125D170000,00S1031000138980457
:61:241125D135000,00S1031000138980485
:61:241125D20016,00S1031000138980487
:62F:C241125BDT148636237,62
-}{5:{CHK:A284DD77A170}}                                                                                                                                                                                                                        {1:F21AGBKBDDHA0995782856335}{4:{177:2411271448}{451:0}}{1:F01AGBKBDDHA0995782856335}{2:I950EZYRGB2LXXXXN}{4:
:20:AGBKFRDBFC2021
:25:7102
:28C:11/498
:60F:C241125BDT148636237,62
:61:241125D48785,00S1031000138980496
:61:241125D500000,00S1031000138980508
:61:241125D24000,00S1031000138980512
:61:241125D167000,00S1031000138980520
:61:241125D115000,00S1031000138980523
:61:241125D200690,00S1031000138980525
:61:241125D150000,00S1031000138980539
:61:241125D80000,00S1031000138980540
:61:241125D300000,00S1031000138980545
:61:241125D120015,00S1031000138980547
:61:241125D32930,00S1031000138980548
:61:241125D170000,00S1031000138980554
:61:241125D50000,00S1031000138980557
:61:241125D440340,00S1031000138980559
:61:241125D238570,00S1031000138980561
:61:241125D32116,00S1031000138980565
:61:241125D448781,00S1031000138980577
:61:241125D45000,00S1031000138980589
:61:241125D139000,00S1031000138980594
:61:241125D100000,00S1031000138980603
:61:241125D50000,00S1031000138980607
:61:241125D100024,00S1031000138980609
:61:241125D50000,00S1031000138980614
:61:241125D32770,00S1031000138980620
:61:241125D49740,00S1031000138980628
:61:241125D335238,00S1031000138980635
:61:241125D159150,00S1031000138980638
:61:241125D101810,00S1031000138980646
:62F:C241125BDT144355278,62
-}{5:{CHK:E31810C73613}}                                                                                                                                                                                                                         {1:F21AGBKBDDHA0995782856336}{4:{177:2411271448}{451:0}}{1:F01AGBKBDDHA0995782856336}{2:I950EZYRGB2LXXXXN}{4:
:20:AGBKFRDBFC2021
:25:7102
:28C:11/499
:60F:C241125BDT144355278,62
:61:241125D55000,00S1031000138980647
:61:241125D500000,00S1031000138980659
:61:241125D58130,00S1031000138980663
:61:241125D40000,00S1031000138980671
:61:241125D22000,00S103144284371758
:61:241125D11000,00S103154900852603
:61:241125D29565,00S103185405228318
:61:241125D30500,00S103345586764248
:61:241125D11000,00S103415817879728
:61:241125D32170,00S103496197013400
:61:241125D35460,00S103610974159206
:61:241125D31352,00S103622836242184
:61:241125D16425,00S103649605523642
:61:241125D45000,00S103653205091081
:61:241125D40000,00S103716752514113
:62F:C241125BDT143397676,62
-}{5:{CHK:C39047C2FA9D}}                                                                                                                                                                                                                                  {1:F21AGBKBDDHA0995782080862}{4:{177:2411271501}{451:0}}{1:F01AGBKBDDHA0995782080862}{2:O1991201241127ALBISARIAXXX79947701692411271501N}{3:{108:E199241127AKNMQ6}{433:/AOK/EXCLUDED}}{4:
:20:10006743.2024
:79:KINDLY EFFECT THE BELOW MENTIONED
TRANSFER WITH THE FOLLOWING DETAILS
VALUE DATE       27/11/2024
SETTLEMENT NO    00005
FILE NAME        10006743.20241127.00005.TXT
FILE HASH TOTAL           332,571.61
ITEM NO  CCY           AMOUNT
.
0000007  BDT              332,571.61
.
PLEASE BE INFORMED THAT WE ALREADY
CREDITED TO YOUR ACCOUNT WITH THE
ABOVE MENTIONED AMOUNT AND FOR ANY
DESCREPENCIES PLEASE CALL US AT
(0099661)4798916 OR SEND FAX TO
4798918 AND ATTENTION IT TO
SAMI AL-SWADI
HEAD OF REMITTANCES UNIT
THANKS AND REGARDS
BANK ALBILAD
RIYADH
-}{5:{MAC:00000000}{CHK:3543E24608E1}}{S:{SAC:}{COP:P}}                                                                                                                                                                                             {1:F21AGBKBDDHA0995782856382}{4:{177:2411271557}{451:0}}{1:F01AGBKBDDHA0995782856382}{2:I950EZYRGB2LXXXXN}{4:
:20:AGBKFRDBFC2021
:25:7102
:28C:11/501
:60F:C241126BDT637069086,62
:61:241127D43033,00S1031000138987780
:61:241127D113640,60S1031000138988370
:61:241127D110000,00S1031000138989168
:61:241127D485000,00S1031000138989637
:61:241127D485000,00S1031000138989638
:61:241127D499992,00S1031000138989639
:61:241127D485001,00S1031000138989641
:61:241127D499993,00S1031000138989642
:61:241127D499994,00S1031000138989643
:61:241127D485001,00S1031000138989644
:61:241127D499995,00S1031000138989645
:61:241127D499997,00S1031000138989655
:61:241127D500000,00S1031000138989682
:61:241127D499999,00S1031000138989686
:61:241127D114233,00S1031000138989696
:61:241127D499999,00S1031000138989710
:61:241127D500000,00S1031000138989717
:61:241127D500000,00S1031000138989720
:61:241127D500000,00S1031000138989735
:61:241127D487805,00S1031000138989744
:61:241127D499995,00S1031000138989745
:61:241127D500000,00S1031000138989749
:61:241127D551700,00S1031000138989784
:61:241127D499998,00S1031000138989790
:61:241127D500000,00S1031000138989794
:61:241127D499852,00S1031000138989810
:61:241127D500000,00S1031000138989812
:61:241127D499998,00S1031000138989822
:62F:C241126BDT624708861,02
-}{5:{CHK:B5C0EBF59470}}                                                                                                                                                                                                               {1:F21AGBKBDDHA0995782856383}{4:{177:2411271557}{451:0}}{1:F01AGBKBDDHA0995782856383}{2:I950EZYRGB2LXXXXN}{4:
:20:AGBKFRDBFC2021
:25:7102
:28C:11/502
:60F:C241126BDT624708861,02
:61:241127D498417,00S1031000138989825
:61:241127D500000,00S1031000138989827
:61:241127D499998,00S1031000138989828
:61:241127D450000,00S1031000138989833
:61:241127D500000,00S1031000138989835
:61:241127D499995,00S1031000138989844
:61:241127D500000,00S1031000138989847
:61:241127D500000,00S1031000138989851
:61:241127D500000,00S1031000138989853
:61:241127D500000,00S1031000138989858
:61:241127D500000,00S1031000138989860
:61:241127D500000,00S1031000138989865
:61:241127D455000,00S1031000138989869
:61:241127D466484,62S1031000138989883
:61:241127D499999,00S1031000138989898
:61:241127D499365,00S1031000138989900
:61:241127D499998,00S1031000138989907
:61:241127D500000,00S1031000138989910
:61:241127D499997,00S1031000138989938
:61:241127D499745,00S1031000138989945
:61:241127D487805,00S1031000138989959
:61:241127D498125,00S1031000138989964
:61:241127D428418,00S1031000138989981
:61:241127D400000,00S1031000138989986
:61:241127D400000,00S1031000138989999
:61:241127D450000,00S1031000138990008
:61:241127D500000,00S1031000138990013
:61:241127D499852,00S1031000138990014
:62F:C241126BDT611175662,40
-}{5:{CHK:A4E60CC9E580}}                                                                                                                                                                                                              {1:F21AGBKBDDHA0995782856385}{4:{177:2411271557}{451:0}}{1:F01AGBKBDDHA0995782856385}{2:I950EZYRGB2LXXXXN}{4:
:20:AGBKFRDBFC2021
:25:7102
:28C:11/503
:60F:C241126BDT611175662,40
:61:241127D312200,00S1031000138990018
:61:241127D246245,00S1031000138990019
:61:241127D200000,00S1031000138990025
:61:241127D498415,00S1031000138990030
:61:241127D500000,00S1031000138990035
:61:241127D500000,00S1031000138990060
:61:241127D500000,00S1031000138990062
:61:241127D487812,60S1031000138990064
:61:241127D63200,00S1031000138990071
:61:241127D487805,00S1031000138990073
:61:241127D400000,00S1031000138990074
:61:241127D500000,00S1031000138990082
:61:241127D499000,00S1031000138990088
:61:241127D500000,00S1031000138990123
:61:241127D496325,00S1031000138990133
:61:241127D500000,00S1031000138990158
:61:241127D321070,00S1031000138990159
:61:241127D487805,00S1031000138990172
:61:241127D499999,00S1031000138990198
:61:241127D499998,00S1031000138990221
:61:241127D499999,00S1031000138990225
:61:241127D500000,00S1031000138990230
:61:241127D100000,00S1031000138990232
:61:241127D500000,00S1031000138990235
:61:241127D497255,00S1031000138990241
:61:241127D499999,00S1031000138990242
:61:241127D487806,00S1031000138990259
:61:241127D499999,00S1031000138990262
:62F:C241126BDT599090729,80
-}{5:{CHK:F53B4B9C17DF}}                                                                                                                                                                                                               {1:F21AGBKBDDHA0995782856387}{4:{177:2411271557}{451:0}}{1:F01AGBKBDDHA0995782856387}{2:I950EZYRGB2LXXXXN}{4:
:20:AGBKFRDBFC2021
:25:7102
:28C:11/504
:60F:C241126BDT599090729,80
:61:241127D400000,00S1031000138990263
:61:241127D499998,00S1031000138990267
:61:241127D390300,00S1031000138990286
:61:241127D349746,00S1031000138990297
:61:241127D398050,00S1031000138990309
:61:241127D88757,00S1031000138990317
:61:241127D292684,00S1031000138990323
:61:241127D498522,00S1031000138990332
:61:241127D487850,00S1031000138990357
:61:241127D333530,00S1031000138990373
:61:241127D426188,00S1031000138990388
:61:241127D497525,00S1031000138990395
:61:241127D500000,00S1031000138990409
:61:241127D499990,00S1031000138990419
:61:241127D499999,00S1031000138990430
:61:241127D500000,00S1031000138990436
:61:241127D500000,00S1031000138990445
:61:241127D497528,00S1031000138990454
:61:241127D487805,00S1031000138990489
:61:241127D496856,00S1031000138990493
:61:241127D126750,00S1031000138990513
:61:241127D477160,00S1031000138990516
:61:241127D500000,00S1031000138990527
:61:241127D498521,00S1031000138990550
:61:241127D460000,00S1031000138990559
:61:241127D468295,00S1031000138990568
:61:241127D19830,00S1031000138990576
:61:241127D499990,00S1031000138990591
:62F:C241126BDT587394855,80
-}{5:{CHK:CF059D00788B}}                                                                                                                                                                                                                {1:F21AGBKBDDHA0995782856388}{4:{177:2411271558}{451:0}}{1:F01AGBKBDDHA0995782856388}{2:I950EZYRGB2LXXXXN}{4:
:20:AGBKFRDBFC2021
:25:7102
:28C:11/505
:60F:C241126BDT587394855,80
:61:241127D31181,00S1031000138990639
:61:241127D499989,00S1031000138990651
:61:241127D270000,00S1031000138990670
:61:241127D375000,00S1031000138990676
:61:241127D390245,00S1031000138990679
:61:241127D477825,00S1031000138990716
:61:241127D499997,00S1031000138990729
:61:241127D487805,00S1031000138990760
:61:241127D487805,00S1031000138990776
:61:241127D500000,00S1031000138990797
:61:241127D498000,00S1031000138990880
:61:241127D384776,00S1031000138990881
:61:241127D499998,00S1031000138990892
:61:241127D499999,00S1031000138990927
:61:241127D419817,00S1031000138990928
:61:241127D349460,00S1031000138990929
:61:241127D337046,00S1031000138990931
:61:241127D500000,00S1031000138990940
:61:241127D500000,00S1031000138990947
:61:241127D500000,00S1031000138990953
:61:241127D450000,00S1031000138990973
:61:241127D231880,00S1031000138991032
:61:241127D63710,00S1031000138991034
:61:241127D499990,00S1031000138991046
:61:241127D243903,00S1031000138991057
:61:241127D468109,00S1031000138991076
:61:241127D487805,00S1031000138991096
:61:241127D500000,00S1031000138991100
:62F:C241126BDT575940515,80
-}{5:{CHK:0293685B7152}}                                                                                                                                                                                                                {1:F21AGBKBDDHA0995782856390}{4:{177:2411271558}{451:0}}{1:F01AGBKBDDHA0995782856390}{2:I950EZYRGB2LXXXXN}{4:
:20:AGBKFRDBFC2021
:25:7102
:28C:11/506
:60F:C241126BDT575940515,80
:61:241127D100000,00S1031000138991107
:61:241127D97561,00S1031000138991133
:61:241127D50000,00S1031000138991148
:61:241127D172017,00S1031000138991161
:61:241127D499903,00S1031000138991183
:61:241127D499903,00S1031000138991191
:61:241127D500000,00S1031000138991200
:61:241127D100000,00S1031000138991232
:61:241127D53110,00S1031000138991254
:61:241127D500000,00S1031000138991266
:61:241127D499999,00S1031000138991449
:61:241127D491000,00S1031000138991461
:61:241127D487805,00S1031000138991466
:61:241127D80000,00S1031000138991530
:61:241127D500000,00S1031000138991535
:61:241127D499660,00S1031000138991548
:61:241127D450000,00S1031000138991550
:61:241127D499000,00S1031000138991583
:61:241127D203203,00S1031000138991649
:61:241127D500000,00S1031000138991737
:61:241127D500000,00S1031000138991795
:61:241127D18444,00S1031000138991811
:61:241127D31350,00S1031000138991894
:61:241127D34375,00S1031000138991903
:61:241127D397520,00S1031000138991951
:61:241127D499990,00S1031000138991969
:61:241127D49758,00S1031000138992030
:61:241127D45024,00S1031000138992034
:62F:C241126BDT567580893,80
-}{5:{CHK:C65A4B9EFC39}}                                                                                                                                                                                                                       {1:F21AGBKBDDHA0995782856392}{4:{177:2411271558}{451:0}}{1:F01AGBKBDDHA0995782856392}{2:I950EZYRGB2LXXXXN}{4:
:20:AGBKFRDBFC2021
:25:7102
:28C:11/507
:60F:C241126BDT567580893,80
:61:241127D20001,87S1031000138992092
:61:241127D41000,00S1031000138992197
:61:241127D498000,00S1031000138992328
:61:241127D67471,00S1031000138992454
:61:241127D500000,00S1031000138992555
:61:241127D50000,00S1031000138992584
:61:241127D53120,00S1031000138992721
:61:241127D16150,00S1031000138992810
:61:241127D12408,90S1031000138993311
:61:241127D400000,00S1031000138993478
:61:241127D485000,00S1031000138993692
:61:241127D65000,00S1031000138993750
:61:241127D184910,00S1031000138993754
:61:241127D100000,00S1031000138993895
:61:241127D500000,00S1031000138994003
:61:241127D24815,00S1031000138994027
:61:241127D26000,00S1031000138994028
:61:241127D40000,00S1031000138994320
:61:241127D56685,00S1031000138994345
:61:241127D342550,00S1031000138994703
:61:241127D97850,00S1031000138995138
:61:241127D31186,00S1031000138995219
:61:241127D499000,00S1031000138995606
:61:241127D58540,00S1031000138995608
:61:241127D499000,00S1031000138995667
:61:241127D75790,00S1031000138995821
:61:241127D35000,00S1031000138995850
:61:241127D150000,00S1031000138996349
:62F:C241126BDT562651416,03
-}{5:{CHK:55936DD38851}}                                                                                                                                                                                                                               {1:F21AGBKBDDHA0995782856394}{4:{177:2411271559}{451:0}}{1:F01AGBKBDDHA0995782856394}{2:I950EZYRGB2LXXXXN}{4:
:20:AGBKFRDBFC2021
:25:7102
:28C:11/508
:60F:C241126BDT562651416,03
:61:241127D160000,00S1031000138996718
:61:241127D200000,00S1031000138997155
:61:241127D243905,00S1031000138997441
:61:241127D100000,00S1031000138997492
:61:241127D50000,00S1031000138997559
:61:241127D25000,00S1031000138997610
:61:241127D31221,00S1031000138997634
:61:241127D72000,00S1031000138997725
:61:241127D499000,00S1031000138997768
:61:241127D100000,00S1031000138997830
:61:241127D350000,00S1031000138998121
:61:241127D200000,00S1031000138998145
:61:241127D100000,00S1031000138998198
:61:241127D120000,00S1031000138998337
:61:241127D243905,00S1031000138998340
:61:241127D160520,00S1031000138998368
:61:241127D500000,00S1031000138998407
:61:241127D487825,00S1031000138998430
:61:241127D500000,00S1031000138998433
:61:241127D40000,00S1031000138998449
:61:241127D50440,00S1031000138998549
:61:241127D167440,00S1031000138998550
:61:241127D66575,00S1031000138998560
:61:241127D500000,00S1031000138998609
:61:241127D480000,00S1031000138998711
:61:241127D70000,00S1031000138998778
:61:241127D29306,00S1031000138998935
:61:241127D224000,00S1031000138998992
:62F:C241126BDT556880279,03
-}{5:{CHK:B6DA632775FF}}                                                                                                                                                                                                                       {1:F21AGBKBDDHA0995782856396}{4:{177:2411271559}{451:0}}{1:F01AGBKBDDHA0995782856396}{2:I950EZYRGB2LXXXXN}{4:
:20:AGBKFRDBFC2021
:25:7102
:28C:11/509
:60F:C241126BDT556880279,03
:61:241127D20180,00S1031000138999272
:61:241127D50000,00S1031000138999723
:61:241127D94900,00S1031000138999731
:61:241127D250000,00S1031000138999847
:61:241127D60000,00S1031000138999867
:61:241127D132000,00S1031000138979008
:61:241127D300047,00S1031000138980077
:61:241127D71820,00S1031000138980269
:61:241127D29568,00S1031000138980672
:61:241127D108985,00S1031000138980682
:61:241127D261338,00S1031000138980706
:61:241127D35796,00S1031000138980710
:61:241127D99554,00S1031000138980711
:61:241127D66194,00S1031000138980717
:61:241127D51720,00S1031000138980718
:61:241127D57000,00S1031000138980722
:61:241127D50000,00S1031000138980724
:61:241127D150000,00S1031000138980727
:61:241127D100105,00S1031000138980730
:61:241127D100000,00S1031000138980735
:61:241127D40000,00S1031000138980739
:61:241127D100000,00S1031000138980742
:61:241127D50000,00S1031000138980758
:61:241127D50000,00S1031000138980763
:61:241127D70000,00S1031000138980770
:61:241127D103000,00S1031000138980772
:61:241127D33360,00S1031000138980784
:61:241127D110008,00S1031000138980795
:62F:C241126BDT554234704,03
-}{5:{CHK:147B03AA88E7}}                                                                                                                                                                                                                               {1:F21AGBKBDDHA0995782856397}{4:{177:2411271559}{451:0}}{1:F01AGBKBDDHA0995782856397}{2:I950EZYRGB2LXXXXN}{4:
:20:AGBKFRDBFC2021
:25:7102
:28C:11/510
:60F:C241126BDT554234704,03
:61:241127D195160,00S1031000138980799
:61:241127D390250,00S1031000138980805
:61:241127D66528,00S1031000138980821
:61:241127D94825,00S1031000138980822
:61:241127D335240,00S1031000138980825
:61:241127D335240,00S1031000138980830
:61:241127D100000,00S1031000138980831
:61:241127D192880,00S1031000138980836
:61:241127D35000,00S1031000138980844
:61:241127D100000,00S1031000138980845
:61:241127D341845,00S1031000138980846
:61:241127D60189,00S1031000138980850
:61:241127D100100,00S1031000138980854
:61:241127D487805,00S1031000138980863
:61:241127D43900,00S1031000138980867
:61:241127D39506,00S1031000138980871
:61:241127D36288,00S1031000138980883
:61:241127D443360,00S1031000138980889
:61:241127D69280,00S1031000138980896
:61:241127D50000,00S1031000138980908
:61:241127D90000,00S1031000138980939
:61:241127D59522,00S1031000138980943
:61:241127D40000,00S1031000138980946
:61:241127D73920,00S1031000138980949
:61:241127D100000,00S1031000138980953
:61:241127D35028,00S1031000138980956
:61:241127D123000,00S1031000138980972
:61:241127D90000,00S1031000138980973
:62F:C241126BDT550105838,03
-}{5:{CHK:9763E787AC04}}                                                                                                                                                                                                                             {1:F21AGBKBDDHA0995782856399}{4:{177:2411271600}{451:0}}{1:F01AGBKBDDHA0995782856399}{2:I950EZYRGB2LXXXXN}{4:
:20:AGBKFRDBFC2021
:25:7102
:28C:11/511
:60F:C241126BDT550105838,03
:61:241127D50030,00S1031000138980975
:61:241127D50000,00S1031000138980980
:61:241127D42000,00S1031000138980985
:61:241127D335330,00S1031000138980986
:61:241127D390244,00S1031000138980989
:61:241127D50014,00S1031000138981002
:61:241127D117660,00S1031000138981005
:61:241127D500000,00S1031000138981027
:61:241127D19500,00S1031000138981032
:61:241127D25000,00S1031000138981038
:61:241127D20007,00S1031000138981041
:61:241127D167328,00S1031000138981051
:61:241127D68300,00S1031000138981055
:61:241127D100000,00S1031000138981065
:61:241127D52000,00S1031000138981069
:61:241127D80000,00S1031000138981072
:61:241127D20000,00S1031000138981077
:61:241127D500000,00S1031000138981091
:61:241127D764238,75S1031000138981102
:61:241127D24795,50S1031000138981110
:61:241127D31800,00S1031000138981130
:61:241127D500000,00S1031000138981141
:61:241127D53088,00S1031000138981146
:61:241127D503328,00S1031000138981150
:61:241127D20000,00S1031000138981152
:61:241127D100000,00S1031000138981154
:61:241127D100130,00S1031000138981159
:61:241127D400000,00S1031000138981160
:62F:C241126BDT545021044,78
-}{5:{CHK:ECB78BC516DC}}                                                                                                                                                                                                                             {1:F21AGBKBDDHA0995782856401}{4:{177:2411271600}{451:0}}{1:F01AGBKBDDHA0995782856401}{2:I950EZYRGB2LXXXXN}{4:
:20:AGBKFRDBFC2021
:25:7102
:28C:11/512
:60F:C241126BDT545021044,78
:61:241127D100000,00S1031000138981161
:61:241127D200000,00S1031000138981167
:61:241127D40000,00S1031000138981174
:61:241127D100000,00S1031000138981181
:61:241127D30000,00S1031000138981185
:61:241127D130000,00S1031000138981192
:61:241127D100000,00S1031000138981193
:61:241127D36270,00S1031000138981205
:61:241127D62000,00S1031000138981206
:61:241127D43010,00S1031000138981240
:61:241127D243903,00S1031000138981246
:61:241127D167295,00S1031000138981252
:61:241127D150000,00S1031000138981257
:61:241127D147080,00S1031000138981264
:61:241127D114250,00S1031000138981275
:61:241127D23000,00S1031000138981287
:61:241127D105000,00S1031000138981291
:61:241127D80000,00S1031000138981293
:61:241127D100000,00S1031000138981294
:61:241127D45000,00S1031000138981313
:61:241127D110000,00S1031000138981329
:61:241127D500000,00S1031000138981332
:61:241127D50000,00S1031000138981335
:61:241127D80000,00S1031000138981346
:61:241127D788629,00S1031000138981365
:61:241127D333850,00S1031000138981371
:61:241127D66728,00S1031000138981381
:61:241127D100000,00S1031000138981384
:62F:C241126BDT540975029,78
-}{5:{CHK:2EB5076988BB}}                                                                                                                                                                                                                         {1:F21AGBKBDDHA0995782080891}{4:{177:2411271600}{451:0}}{1:F01AGBKBDDHA0995782080891}{2:O1991300241127ALBISARIAXXX79947705522411271600N}{3:{108:E199241127AKNNSB}{433:/AOK/EXCLUDED}}{4:
:20:10006743.2024
:79:KINDLY EFFECT THE BELOW MENTIONED
TRANSFER WITH THE FOLLOWING DETAILS
VALUE DATE       27/11/2024
SETTLEMENT NO    00006
FILE NAME        10006743.20241127.00006.TXT
FILE HASH TOTAL           430,249.55
ITEM NO  CCY           AMOUNT
.
0000008  BDT              430,249.55
.
PLEASE BE INFORMED THAT WE ALREADY
CREDITED TO YOUR ACCOUNT WITH THE
ABOVE MENTIONED AMOUNT AND FOR ANY
DESCREPENCIES PLEASE CALL US AT
(0099661)4798916 OR SEND FAX TO
4798918 AND ATTENTION IT TO
SAMI AL-SWADI
HEAD OF REMITTANCES UNIT
THANKS AND REGARDS
BANK ALBILAD
RIYADH
-}{5:{MAC:00000000}{CHK:FE5E6E47F87C}}{S:{SAC:}{COP:P}}                                                                                                                                                                                             {1:F21AGBKBDDHA0995782856402}{4:{177:2411271600}{451:0}}{1:F01AGBKBDDHA0995782856402}{2:I950EZYRGB2LXXXXN}{4:
:20:AGBKFRDBFC2021
:25:7102
:28C:11/513
:60F:C241126BDT540975029,78
:61:241127D23352,00S1031000138981408
:61:241127D60000,00S1031000138981418
:61:241127D66500,00S1031000138981426
:61:241127D100000,00S1031000138981427
:61:241127D35000,00S1031000138981434
:61:241127D120000,00S1031000138981439
:61:241127D100000,00S1031000138981449
:61:241127D174048,00S1031000138981456
:61:241127D160000,00S1031000138981460
:61:241127D30000,00S1031000138981482
:61:241127D110000,00S1031000138981485
:61:241127D390255,00S1031000138981492
:61:241127D50000,00S1031000138981494
:61:241127D335130,00S1031000138981497
:61:241127D50000,00S1031000138981498
:61:241127D207780,00S1031000138981513
:61:241127D14000,00S1031000138981514
:61:241127D40000,00S1031000138981523
:61:241127D50000,00S1031000138981554
:61:241127D110280,00S1031000138981555
:61:241127D35000,00S1031000138981559
:61:241127D60000,00S1031000138981562
:61:241127D33425,00S1031000138981564
:61:241127D65000,00S1031000138981583
:61:241127D195150,00S1031000138981585
:61:241127D127008,00S1031000138981596
:61:241127D200000,00S1031000138981598
:61:241127D80000,00S1031000138981608
:62F:C241126BDT537953101,78
-}{5:{CHK:7716AB5BDA4B}}                                                                                                                                                                                                                             {1:F21AGBKBDDHA0995782856403}{4:{177:2411271601}{451:0}}{1:F01AGBKBDDHA0995782856403}{2:I950EZYRGB2LXXXXN}{4:
:20:AGBKFRDBFC2021
:25:7102
:28C:11/514
:60F:C241126BDT537953101,78
:61:241127D27000,00S1031000138981613
:61:241127D195130,00S1031000138981627
:61:241127D381295,00S1031000138981631
:61:241127D60000,00S1031000138981640
:61:241127D268960,00S1031000138981645
:61:241127D20000,00S1031000138981653
:61:241127D70000,00S1031000138981658
:61:241127D55000,00S1031000138981675
:61:241127D102500,00S1031000138981690
:61:241127D56680,00S1031000138981712
:61:241127D100000,00S1031000138981713
:61:241127D500000,00S1031000138981715
:61:241127D71820,00S1031000138981716
:61:241127D150620,00S1031000138981728
:61:241127D170000,00S1031000138981740
:61:241127D350000,00S1031000138981742
:61:241127D100000,00S1031000138981745
:61:241127D100000,00S1031000138981756
:61:241127D100000,00S1031000138981758
:61:241127D50000,00S1031000138981771
:61:241127D60000,00S1031000138981773
:61:241127D30000,00S1031000138981788
:61:241127D126830,00S1031000138981795
:61:241127D201719,98S1031000138981798
:61:241127D100000,00S1031000138981800
:61:241127D170000,00S1031000138981805
:61:241127D201050,00S1031000138981806
:61:241127D60000,00S1031000138981807
:62F:C241126BDT534074496,80
-}{5:{CHK:75999953BEBA}}                                                                                                                                                                                                                         {1:F21AGBKBDDHA0995782856404}{4:{177:2411271601}{451:0}}{1:F01AGBKBDDHA0995782856404}{2:I950EZYRGB2LXXXXN}{4:
:20:AGBKFRDBFC2021
:25:7102
:28C:11/515
:60F:C241126BDT534074496,80
:61:241127D94900,00S1031000138981816
:61:241127D302580,00S1031000138981820
:61:241127D500000,00S1031000138981829
:61:241127D100000,00S1031000138981840
:61:241127D65000,00S1031000138981862
:61:241127D35040,00S1031000138981867
:61:241127D44600,00S1031000138981868
:61:241127D130000,00S1031000138981873
:61:241127D50000,00S1031000138981878
:61:241127D32947,00S1031000138981881
:61:241127D352600,00S1031000138981894
:61:241127D150000,00S1031000138981895
:61:241127D97565,00S1031000138981898
:61:241127D50000,00S1031000138981900
:61:241127D70020,00S1031000138981902
:61:241127D43680,00S1031000138981917
:61:241127D45000,00S1031000138981932
:61:241127D39025,00S1031000138981934
:61:241127D500000,00S1031000138981937
:61:241127D39025,00S1031000138981939
:61:241127D40000,00S1031000138981949
:61:241127D100000,00S1031000138981955
:61:241127D667200,00S1031000138981959
:61:241127D146350,00S1031000138981966
:61:241127D56712,00S1031000138981976
:61:241127D50430,00S1031000138981982
:61:241127D150000,00S1031000138981985
:61:241127D183425,00S1031000138981990
:62F:C241126BDT529938397,80
-}{5:{CHK:A053CC4592F4}}                                                                                                                                                                                                                              {1:F21AGBKBDDHA0995782856405}{4:{177:2411271601}{451:0}}{1:F01AGBKBDDHA0995782856405}{2:I950EZYRGB2LXXXXN}{4:
:20:AGBKFRDBFC2021
:25:7102
:28C:11/516
:60F:C241126BDT529938397,80
:61:241127D500000,00S1031000138981995
:61:241127D58162,00S1031000138981997
:61:241127D200000,00S1031000138982009
:61:241127D20000,00S1031000138982016
:61:241127D58540,00S1031000138982020
:61:241127D100000,00S1031000138982023
:61:241127D31186,00S1031000138982027
:61:241127D26154,00S1031000138982030
:61:241127D450000,00S1031000138982043
:61:241127D200000,00S1031000138982047
:61:241127D125830,00S1031000138982049
:61:241127D195126,00S1031000138982054
:61:241127D135000,00S1031000138982084
:61:241127D68294,00S1031000138982085
:61:241127D48000,00S1031000138982102
:61:241127D145841,00S1031000138982105
:61:241127D195130,00S1031000138982112
:61:241127D89270,00S1031000138982124
:61:241127D40000,00S1031000138982125
:61:241127D30000,00S1031000138982127
:61:241127D110000,00S1031000138982134
:61:241127D200000,00S1031000138982141
:61:241127D106915,00S1031000138982144
:61:241127D100000,00S1031000138982146
:61:241127D66570,00S1031000138982153
:61:241127D80000,00S1031000138982156
:61:241127D83375,00S1031000138982164
:61:241127D97565,00S1031000138982165
:62F:C241126BDT526377439,80
-}{5:{CHK:A748E8BD55FE}}                                                                                                                                                                                                                            {1:F21AGBKBDDHA0995782856406}{4:{177:2411271601}{451:0}}{1:F01AGBKBDDHA0995782856406}{2:I950EZYRGB2LXXXXN}{4:
:20:AGBKFRDBFC2021
:25:7102
:28C:11/517
:60F:C241126BDT526377439,80
:61:241127D31220,00S1031000138982176
:61:241127D32910,00S1031000138982179
:61:241127D100000,00S1031000138982189
:61:241127D130000,00S1031000138982198
:61:241127D292700,00S1031000138982204
:61:241127D86688,00S1031000138982211
:61:241127D69412,00S1031000138982215
:61:241127D400000,00S1031000138982219
:61:241127D70000,00S1031000138982236
:61:241127D177315,00S1031000138982238
:61:241127D335000,00S1031000138982242
:61:241127D487830,00S1031000138982248
:61:241127D167427,00S1031000138982265
:61:241127D60000,00S1031000138982268
:61:241127D39025,00S1031000138982271
:61:241127D20160,00S1031000138982292
:61:241127D122135,00S1031000138982293
:61:241127D33422,00S1031000138982331
:61:241127D46357,00S1031000138982333
:61:241127D336200,00S1031000138982335
:61:241127D50000,00S1031000138982340
:61:241127D115248,00S1031000138982343
:61:241127D170000,00S1031000138982347
:61:241127D260000,00S1031000138982355
:61:241127D70000,00S1031000138982365
:61:241127D130000,00S1031000138982373
:61:241127D100188,00S1031000138982383
:61:241127D170000,00S1031000138982385
:62F:C241126BDT522274202,80
-}{5:{CHK:73B338567B72}}                                                                                                                                                                                                                          {1:F21AGBKBDDHA0995782856407}{4:{177:2411271602}{451:0}}{1:F01AGBKBDDHA0995782856407}{2:I950EZYRGB2LXXXXN}{4:
:20:AGBKFRDBFC2021
:25:7102
:28C:11/518
:60F:C241126BDT522274202,80
:61:241127D30000,00S1031000138982386
:61:241127D50000,00S1031000138982396
:61:241127D63205,00S1031000138982414
:61:241127D222320,00S1031000138982419
:61:241127D29498,00S1031000138982436
:61:241127D200160,00S1031000138982452
:61:241127D200000,00S1031000138982454
:61:241127D100000,00S1031000138982459
:61:241127D35000,00S1031000138982467
:61:241127D499540,00S1031000138982483
:61:241127D335528,00S1031000138982494
:61:241127D25000,00S1031000138982509
:61:241127D100000,00S1031000138982517
:61:241127D200000,00S1031000138982520
:61:241127D30000,00S1031000138982521
:61:241127D275012,00S1031000138982525
:61:241127D100000,00S1031000138982532
:61:241127D45000,00S1031000138982545
:61:241127D20000,00S1031000138982549
:61:241127D113088,00S1031000138982550
:61:241127D50000,00S1031000138982553
:61:241127D252080,00S1031000138982559
:61:241127D62500,00S1031000138982576
:61:241127D16820,00S1031000138982580
:61:241127D50430,00S1031000138982598
:61:241127D160000,00S1031000138982599
:61:241127D336095,00S1031000138982626
:61:241127D400000,00S1031000138982639
:62F:C241126BDT518272926,80
-}{5:{CHK:A78306BE8273}}                                                                                                                                                                                                                           {1:F21AGBKBDDHA0995782856408}{4:{177:2411271602}{451:0}}{1:F01AGBKBDDHA0995782856408}{2:I950EZYRGB2LXXXXN}{4:
:20:AGBKFRDBFC2021
:25:7102
:28C:11/519
:60F:C241126BDT518272926,80
:61:241127D19000,00S1031000138982647
:61:241127D116860,00S1031000138982650
:61:241127D60000,00S1031000138982661
:61:241127D335528,00S1031000138982676
:61:241127D110000,00S1031000138982684
:61:241127D183165,00S1031000138982686
:61:241127D207650,00S1031000138982690
:61:241127D400000,00S1031000138982709
:61:241127D58834,00S1031000138982718
:61:241127D50000,00S1031000138982730
:61:241127D234600,00S1031000138982731
:61:241127D35000,00S1031000138982736
:61:241127D33334,00S1031000138982751
:61:241127D50000,00S1031000138982756
:61:241127D56000,00S1031000138982770
:61:241127D30000,00S1031000138982790
:61:241127D49757,00S1031000138982802
:61:241127D50380,00S1031000138982810
:61:241127D350000,00S1031000138982814
:61:241127D188272,00S1031000138982816
:61:241127D50000,00S1031000138982837
:61:241127D33000,00S1031000138982846
:61:241127D103007,00S1031000138982849
:61:241127D43000,00S1031000138982857
:61:241127D25214,00S1031000138982862
:61:241127D33580,00S1031000138982875
:61:241127D165000,00S1031000138982888
:61:241127D55000,00S1031000138982896
:62F:C241126BDT515146745,80
-}{5:{CHK:89919D75B15A}}                                                                                                                                                                                                                               {1:F21AGBKBDDHA0995782856409}{4:{177:2411271603}{451:0}}{1:F01AGBKBDDHA0995782856409}{2:I950EZYRGB2LXXXXN}{4:
:20:AGBKFRDBFC2021
:25:7102
:28C:11/520
:60F:C241126BDT515146745,80
:61:241127D40007,00S1031000138982913
:61:241127D40300,00S1031000138982918
:61:241127D19590,90S1031000138982975
:61:241127D200000,00S1031000138982980
:61:241127D40000,00S1031000138982987
:61:241127D100000,00S1031000138982992
:61:241127D50000,00S1031000138983005
:61:241127D95760,00S1031000138983006
:61:241127D400000,00S1031000138983014
:61:241127D50000,00S1031000138983016
:61:241127D85000,00S1031000138983027
:61:241127D500000,00S1031000138983031
:61:241127D87382,00S1031000138983042
:61:241127D500000,00S1031000138983043
:61:241127D86500,00S1031000138983046
:61:241127D265000,00S1031000138983069
:61:241127D350000,00S1031000138983072
:61:241127D80000,00S1031000138983084
:61:241127D32000,00S1031000138983101
:61:241127D70056,00S1031000138983112
:61:241127D20160,00S1031000138983113
:61:241127D450000,00S1031000138983131
:61:241127D20000,00S1031000138983133
:61:241127D490000,00S1031000138983145
:61:241127D22840,00S1031000138983146
:61:241127D50000,00S1031000138983153
:61:241127D82000,00S1031000138983160
:61:241127D60000,00S1031000138983165
:62F:C241126BDT510860149,90
-}{5:{CHK:B94BB0B9BF13}}                                                                                                                                                                                                                                 {1:F21AGBKBDDHA0995782856410}{4:{177:2411271603}{451:0}}{1:F01AGBKBDDHA0995782856410}{2:I950EZYRGB2LXXXXN}{4:
:20:AGBKFRDBFC2021
:25:7102
:28C:11/521
:60F:C241126BDT510860149,90
:61:241127D503627,60S1031000138983171
:61:241127D50340,00S1031000138983202
:61:241127D121000,00S1031000138983220
:61:241127D40000,00S1031000138983244
:61:241127D97857,00S1031000138983245
:61:241127D500000,00S1031000138983249
:61:241127D39506,00S1031000138983253
:61:241127D100000,00S1031000138983268
:61:241127D42025,00S1031000138983270
:61:241127D50040,00S1031000138983279
:61:241127D500000,00S1031000138983280
:61:241127D49000,00S1031000138983288
:61:241127D160520,00S1031000138983291
:61:241127D147256,00S1031000138983292
:61:241127D50400,00S1031000138983299
:61:241127D320000,00S1031000138983304
:61:241127D180000,00S1031000138983349
:61:241127D50100,00S1031000138983351
:61:241127D42842,00S1031000138983354
:61:241127D50430,00S1031000138983375
:61:241127D80000,00S1031000138983384
:61:241127D24000,00S1031000138983398
:61:241127D26154,00S1031000138983408
:61:241127D100000,00S1031000138983422
:61:241127D30030,00S1031000138983431
:61:241127D335437,00S1031000138983435
:61:241127D30000,00S1031000138983449
:61:241127D350000,00S1031000138983457
:62F:C241126BDT506789585,30
-}{5:{CHK:BE31BDE05D1B}}                                                                                                                                                                                                                              {1:F21AGBKBDDHA0995782856411}{4:{177:2411271603}{451:0}}{1:F01AGBKBDDHA0995782856411}{2:I950EZYRGB2LXXXXN}{4:
:20:AGBKFRDBFC2021
:25:7102
:28C:11/522
:60F:C241126BDT506789585,30
:61:241127D103550,00S1031000138983486
:61:241127D19500,00S1031000138983490
:61:241127D105000,00S1031000138983495
:61:241127D19018,00S1031000138983503
:61:241127D66530,00S1031000138983517
:61:241127D500000,00S1031000138983518
:61:241127D119700,00S1031000138983529
:61:241127D100000,00S1031000138983532
:61:241127D22830,00S1031000138983536
:61:241127D40008,00S1031000138983537
:61:241127D48785,00S1031000138983541
:61:241127D500000,00S1031000138983543
:61:241127D40000,00S1031000138983556
:61:241127D340000,00S1031000138983587
:61:241127D49514,00S1031000138983597
:61:241127D78960,00S1031000138983602
:61:241127D16140,00S1031000138983605
:61:241127D50000,00S1031000138983607
:61:241127D67000,00S1031000138983616
:61:241127D39670,00S1031000138983621
:61:241127D63045,00S1031000138983622
:61:241127D100000,00S1031000138983635
:61:241127D120000,00S1031000138983645
:61:241127D100000,00S1031000138983647
:61:241127D55000,00S1031000138983651
:61:241127D64500,00S1031000138983656
:61:241127D69530,00S1031000138983659
:61:241127D3361,00S1031000138983662
:62F:C241126BDT503887944,30
-}{5:{CHK:55E33150EBE1}}                                                                                                                                                                                                                                 {1:F21AGBKBDDHA0995782856412}{4:{177:2411271604}{451:0}}{1:F01AGBKBDDHA0995782856412}{2:I950EZYRGB2LXXXXN}{4:
:20:AGBKFRDBFC2021
:25:7102
:28C:11/523
:60F:C241126BDT503887944,30
:61:241127D110000,00S1031000138983664
:61:241127D100000,00S1031000138983678
:61:241127D100000,00S1031000138983683
:61:241127D63045,00S1031000138983686
:61:241127D43000,00S1031000138983700
:61:241127D33619,00S1031000138983717
:61:241127D40000,00S1031000138983720
:61:241127D100000,00S1031000138983727
:61:241127D65000,00S1031000138983740
:61:241127D50000,00S1031000138983747
:61:241127D48795,00S1031000138983749
:61:241127D20000,00S1031000138983757
:61:241127D32000,00S1031000138983767
:61:241127D50000,00S1031000138983771
:61:241127D146370,00S1031000138983773
:61:241127D79637,00S1031000138983776
:61:241127D30000,00S1031000138983788
:61:241127D335540,00S1031000138983790
:61:241127D50000,00S1031000138983791
:61:241127D17820,00S1031000138983804
:61:241127D100000,00S1031000138983809
:61:241127D46110,00S1031000138983822
:61:241127D50000,00S1031000138983826
:61:241127D100000,00S1031000138983834
:61:241127D200000,00S1031000138983838
:61:241127D49506,00S1031000138983852
:61:241127D400000,00S1031000138983859
:61:241127D100000,00S1031000138983863
:62F:C241126BDT501327502,30
-}{5:{CHK:8274B40C4092}}                                                                                                                                                                                                                               {1:F21AGBKBDDHA0995782856413}{4:{177:2411271604}{451:0}}{1:F01AGBKBDDHA0995782856413}{2:I950EZYRGB2LXXXXN}{4:
:20:AGBKFRDBFC2021
:25:7102
:28C:11/525
:60F:C241126BDT497697815,30
:61:241127D60014,00S1031000138983983
:61:241127D50000,00S1031000138983984
:61:241127D200000,00S1031000138983996
:61:241127D49000,00S1031000138983998
:61:241127D100190,00S1031000138984002
:61:241127D78920,00S1031000138984009
:61:241127D70000,00S1031000138984016
:61:241127D200000,00S1031000138984019
:61:241127D30000,00S1031000138984036
:61:241127D225000,00S1031000138984048
:61:241127D40000,00S1031000138984049
:61:241127D50000,00S1031000138984051
:61:241127D50000,00S1031000138984054
:61:241127D100000,00S1031000138984057
:61:241127D120000,00S1031000138984060
:61:241127D200000,00S1031000138984061
:61:241127D36170,00S1031000138984065
:61:241127D50140,00S1031000138984069
:61:241127D51380,00S1031000138984073
:61:241127D40018,00S1031000138984080
:61:241127D60000,00S1031000138984084
:61:241127D36000,00S1031000138984089
:61:241127D200000,00S1031000138984099
:61:241127D40000,00S1031000138984103
:61:241127D400000,00S1031000138984104
:61:241127D70000,00S1031000138984109
:61:241127D130000,00S1031000138984120
:61:241127D50000,00S1031000138984121
:62F:C241126BDT494910983,30
-}{5:{CHK:1872F8C2C63E}}                                                                                                                                                                                                                                {1:F21AGBKBDDHA0995782856414}{4:{177:2411271604}{451:0}}{1:F01AGBKBDDHA0995782856414}{2:I950EZYRGB2LXXXXN}{4:
:20:AGBKFRDBFC2021
:25:7102
:28C:11/524
:60F:C241126BDT501327502,30
:61:241127D35000,00S1031000138983867
:61:241127D70000,00S1031000138983871
:61:241127D72000,00S1031000138983875
:61:241127D74000,00S1031000138983885
:61:241127D200000,00S1031000138983887
:61:241127D166274,00S1031000138983891
:61:241127D174050,00S1031000138983899
:61:241127D97565,00S1031000138983904
:61:241127D15000,00S1031000138983910
:61:241127D100000,00S1031000138983912
:61:241127D167000,00S1031000138983915
:61:241127D26000,00S1031000138983920
:61:241127D110000,00S1031000138983922
:61:241127D56178,00S1031000138983923
:61:241127D32000,00S1031000138983925
:61:241127D153000,00S1031000138983928
:61:241127D36000,00S1031000138983930
:61:241127D50000,00S1031000138983932
:61:241127D200000,00S1031000138983933
:61:241127D33620,00S1031000138983939
:61:241127D60000,00S1031000138983940
:61:241127D700000,00S1031000138983945
:61:241127D100000,00S1031000138983947
:61:241127D50000,00S1031000138983959
:61:241127D300000,00S1031000138983962
:61:241127D50000,00S1031000138983964
:61:241127D450000,00S1031000138983965
:61:241127D52000,00S1031000138983976
:62F:C241126BDT497697815,30
-}{5:{CHK:961AF5D5D0F5}}                                                                                                                                                                                                                              {1:F21AGBKBDDHA0995782856415}{4:{177:2411271605}{451:0}}{1:F01AGBKBDDHA0995782856415}{2:I950EZYRGB2LXXXXN}{4:
:20:AGBKFRDBFC2021
:25:7102
:28C:11/526
:60F:C241126BDT494910983,30
:61:241127D37000,00S1031000138984146
:61:241127D36000,00S1031000138984153
:61:241127D60000,00S1031000138984158
:61:241127D33000,00S1031000138984160
:61:241127D35000,00S1031000138984164
:61:241127D31186,00S1031000138984181
:61:241127D150000,00S1031000138984188
:61:241127D29578,00S1031000138984194
:61:241127D108600,00S1031000138984195
:61:241127D221000,00S1031000138984202
:61:241127D45000,00S1031000138984205
:61:241127D41310,00S1031000138984225
:61:241127D70000,00S1031000138984229
:61:241127D133440,00S1031000138984233
:61:241127D60000,00S1031000138984245
:61:241127D30000,00S1031000138984250
:61:241127D116000,00S1031000138984252
:61:241127D50026,56S1031000138984258
:61:241127D86740,00S1031000138984259
:61:241127D211134,00S1031000138984262
:61:241127D100000,00S1031000138984281
:61:241127D100000,00S1031000138984283
:61:241127D167240,00S1031000138984285
:61:241127D200000,00S1031000138984286
:61:241127D42842,00S1031000138984287
:61:241127D72540,00S1031000138984304
:61:241127D117540,00S1031000138984305
:61:241127D25000,00S1031000138984307
:62F:C241126BDT492500806,74
-}{5:{CHK:BCE6680A0765}}                                                                                                                                                                                                                               {1:F21AGBKBDDHA0995782856416}{4:{177:2411271605}{451:0}}{1:F01AGBKBDDHA0995782856416}{2:I950EZYRGB2LXXXXN}{4:
:20:AGBKFRDBFC2021
:25:7102
:28C:11/527
:60F:C241126BDT492500806,74
:61:241127D100000,00S1031000138984321
:61:241127D105000,00S1031000138984328
:61:241127D50000,00S1031000138984356
:61:241127D100000,00S1031000138984358
:61:241127D30000,00S1031000138984359
:61:241127D266354,60S1031000138984362
:61:241127D24000,00S1031000138984365
:61:241127D43660,00S1031000138984369
:61:241127D12000,00S1031000138984370
:61:241127D100000,00S1031000138984384
:61:241127D22000,00S1031000138984389
:61:241127D100000,00S1031000138984390
:61:241127D50000,00S1031000138984404
:61:241127D232925,00S1031000138984408
:61:241127D5000,00S1031000138984409
:61:241127D15000,00S1031000138984416
:61:241127D66000,00S1031000138984435
:61:241127D20000,00S1031000138984442
:61:241127D136735,00S1031000138984445
:61:241127D133808,00S1031000138984449
:61:241127D30000,00S1031000138984478
:61:241127D39498,00S1031000138984489
:61:241127D98000,00S1031000138984490
:61:241127D50000,00S1031000138984496
:61:241127D116760,00S1031000138984504
:61:241127D59315,00S1031000138984510
:61:241127D279046,00S1031000138984515
:61:241127D23352,00S1031000138984519
:62F:C241126BDT490192353,14
-}{5:{CHK:DC282E8E4FA2}}                                                                                                                                                                                                                                {1:F21AGBKBDDHA0995782856417}{4:{177:2411271606}{451:0}}{1:F01AGBKBDDHA0995782856417}{2:I950EZYRGB2LXXXXN}{4:
:20:AGBKFRDBFC2021
:25:7102
:28C:11/528
:60F:C241126BDT490192353,14
:61:241127D46704,00S1031000138984527
:61:241127D500000,00S1031000138984530
:61:241127D499000,00S1031000138984539
:61:241127D40000,00S1031000138984552
:61:241127D97560,00S1031000138984553
:61:241127D32830,00S1031000138984561
:61:241127D16146,00S1031000138984564
:61:241127D200000,00S1031000138984569
:61:241127D150000,00S1031000138984570
:61:241127D100000,00S1031000138984577
:61:241127D279698,00S1031000138984583
:61:241127D98510,00S1031000138984586
:61:241127D130000,00S1031000138984587
:61:241127D40007,00S1031000138984601
:61:241127D500000,00S1031000138984605
:61:241127D66720,00S1031000138984608
:61:241127D44625,00S1031000138984617
:61:241127D126234,00S1031000138984618
:61:241127D1690,00S1031000138984621
:61:241127D350000,00S1031000138984630
:61:241127D100840,00S1031000138984632
:61:241127D32928,00S1031000138984634
:61:241127D240000,00S1031000138984649
:61:241127D50000,00S1031000138984654
:61:241127D20000,00S1031000138984658
:61:241127D381768,00S1031000138984665
:61:241127D9760,00S1031000138984676
:61:241127D48782,00S1031000138984682
:62F:C241126BDT485988551,14
-}{5:{CHK:AE5C90EB8F3C}}                                                                                                                                                                                                                               {1:F21AGBKBDDHA0995782856418}{4:{177:2411271606}{451:0}}{1:F01AGBKBDDHA0995782856418}{2:I950EZYRGB2LXXXXN}{4:
:20:AGBKFRDBFC2021
:25:7102
:28C:11/529
:60F:C241126BDT485988551,14
:61:241127D40310,00S1031000138984683
:61:241127D268720,00S1031000138984692
:61:241127D100000,00S1031000138984695
:61:241127D75000,00S1031000138984714
:61:241127D200000,00S1031000138984716
:61:241127D35000,00S1031000138984717
:61:241127D60000,00S1031000138984718
:61:241127D35000,00S1031000138984724
:61:241127D50000,00S1031000138984727
:61:241127D121000,00S1031000138984731
:61:241127D50000,00S1031000138984738
:61:241127D335328,00S1031000138984744
:61:241127D10000,00S1031000138984746
:61:241127D150000,00S1031000138984751
:61:241127D105000,00S1031000138984754
:61:241127D25000,00S1031000138984762
:61:241127D100000,00S1031000138984765
:61:241127D116860,00S1031000138984773
:61:241127D85000,00S1031000138984775
:61:241127D112000,00S1031000138984776
:61:241127D29485,00S1031000138984784
:61:241127D100080,00S1031000138984787
:61:241127D200000,00S1031000138984788
:61:241127D21626,00S1031000138984791
:61:241127D50000,00S1031000138984794
:61:241127D50000,00S1031000138984799
:61:241127D106752,00S1031000138984808
:61:241127D30000,00S1031000138984812
:62F:C241126BDT483326390,14
-}{5:{CHK:370227E5D2A8}}                                                                                                                                                                                                                             {1:F21AGBKBDDHA0995782856419}{4:{177:2411271606}{451:0}}{1:F01AGBKBDDHA0995782856419}{2:I950EZYRGB2LXXXXN}{4:
:20:AGBKFRDBFC2021
:25:7102
:28C:11/530
:60F:C241126BDT483326390,14
:61:241127D23535,00S1031000138984815
:61:241127D70000,00S1031000138984822
:61:241127D100024,00S1031000138984824
:61:241127D160000,00S1031000138984832
:61:241127D100000,00S1031000138984835
:61:241127D36165,00S1031000138984837
:61:241127D100130,00S1031000138984841
:61:241127D14500,00S1031000138984853
:61:241127D333066,00S1031000138984856
:61:241127D3000,00S1031000138984857
:61:241127D32939,00S1031000138984858
:61:241127D80000,00S1031000138984861
:61:241127D24815,00S1031000138984863
:61:241127D400000,00S1031000138984888
:61:241127D20000,00S1031000138984893
:61:241127D21900,00S1031000138984894
:61:241127D100000,00S1031000138984900
:61:241127D19499,00S1031000138984906
:61:241127D50000,00S1031000138984910
:61:241127D100000,00S1031000138984913
:61:241127D23000,00S1031000138984916
:61:241127D60140,00S1031000138984923
:61:241127D232994,00S1031000138984934
:61:241127D200928,00S1031000138984943
:61:241127D45010,00S1031000138984949
:61:241127D100080,00S1031000138984962
:61:241127D50000,00S1031000138984967
:61:241127D117200,00S1031000138984977
:62F:C241126BDT480707465,14
-}{5:{CHK:34BF670465A3}}                                                                                                                                                                                                                               {1:F21AGBKBDDHA0995782856420}{4:{177:2411271607}{451:0}}{1:F01AGBKBDDHA0995782856420}{2:I950EZYRGB2LXXXXN}{4:
:20:AGBKFRDBFC2021
:25:7102
:28C:11/531
:60F:C241126BDT480707465,14
:61:241127D100000,00S1031000138984983
:61:241127D49757,00S1031000138984984
:61:241127D34160,00S1031000138984990
:61:241127D154256,00S1031000138984997
:61:241127D292690,00S1031000138985000
:61:241127D6146,00S1031000138985005
:61:241127D32940,00S1031000138985008
:61:241127D70000,00S1031000138985010
:61:241127D60000,00S1031000138985041
:61:241127D50093,00S1031000138985042
:61:241127D333000,00S1031000138985054
:61:241127D55000,00S1031000138985066
:61:241127D200000,00S1031000138985067
:61:241127D400000,00S1031000138985070
:61:241127D40000,00S1031000138985071
:61:241127D16140,00S1031000138985075
:61:241127D140540,00S1031000138985077
:61:241127D400000,00S1031000138985083
:61:241127D50040,00S1031000138985086
:61:241127D164080,00S1031000138985088
:61:241127D20000,00S1031000138985093
:61:241127D110000,00S1031000138985095
:61:241127D25000,00S1031000138985096
:61:241127D123573,00S1031000138985098
:61:241127D132906,00S1031000138985100
:61:241127D170000,00S1031000138985127
:61:241127D33000,00S1031000138985129
:61:241127D450000,00S1031000138985131
:62F:C241126BDT476994144,14
-}{5:{CHK:1A2572BC49CA}}                                                                                                                                                                                                                             {1:F21AGBKBDDHA0995782856422}{4:{177:2411271607}{451:0}}{1:F01AGBKBDDHA0995782856422}{2:I950EZYRGB2LXXXXN}{4:
:20:AGBKFRDBFC2021
:25:7102
:28C:11/532
:60F:C241126BDT476994144,14
:61:241127D123000,00S1031000138985141
:61:241127D46396,00S1031000138985142
:61:241127D300000,00S1031000138985145
:61:241127D50000,00S1031000138985146
:61:241127D16200,00S1031000138985147
:61:241127D100000,00S1031000138985149
:61:241127D48800,00S1031000138985154
:61:241127D60000,00S1031000138985155
:61:241127D30000,00S1031000138985170
:61:241127D143810,00S1031000138985178
:61:241127D20000,00S1031000138985186
:61:241127D15000,00S1031000138985193
:61:241127D20000,00S1031000138985210
:61:241127D45020,00S1031000138985222
:61:241127D110000,00S1031000138985225
:61:241127D160000,00S1031000138985230
:61:241127D116000,00S1031000138985236
:61:241127D100000,00S1031000138985243
:61:241127D232952,00S1031000138985244
:61:241127D103000,00S1031000138985246
:61:241127D36170,00S1031000138985247
:61:241127D30000,00S1031000138985255
:61:241127D241400,00S1031000138985263
:61:241127D50000,00S1031000138985273
:61:241127D115000,00S1031000138985279
:61:241127D200000,00S1031000138985285
:61:241127D38358,00S1031000138985291
:61:241127D50000,00S1031000138985295
:62F:C241126BDT474393038,14
-}{5:{CHK:4FF47A83F05E}}                                                                                                                                                                                                                             {1:F21AGBKBDDHA0995782856423}{4:{177:2411271607}{451:0}}{1:F01AGBKBDDHA0995782856423}{2:I950EZYRGB2LXXXXN}{4:
:20:AGBKFRDBFC2021
:25:7102
:28C:11/533
:60F:C241126BDT474393038,14
:61:241127D25013,00S1031000138985300
:61:241127D32948,00S1031000138985302
:61:241127D201000,00S1031000138985312
:61:241127D134500,00S1031000138985313
:61:241127D60000,00S1031000138985316
:61:241127D16140,00S1031000138985318
:61:241127D124320,00S1031000138985322
:61:241127D65016,00S1031000138985336
:61:241127D100000,00S1031000138985340
:61:241127D50000,00S1031000138985346
:61:241127D33360,00S1031000138985347
:61:241127D400000,00S1031000138985348
:61:241127D105000,00S1031000138985351
:61:241127D35000,00S1031000138985354
:61:241127D20000,00S1031000138985357
:61:241127D40000,00S1031000138985370
:61:241127D30000,00S1031000138985372
:61:241127D50430,00S1031000138985376
:61:241127D35000,00S1031000138985385
:61:241127D32948,00S1031000138985389
:61:241127D335530,00S1031000138985399
:61:241127D200000,00S1031000138985402
:61:241127D145000,00S1031000138985408
:61:241127D30000,00S1031000138985415
:61:241127D100000,00S1031000138985418
:61:241127D36000,00S1031000138985431
:61:241127D480000,00S1031000138985433
:61:241127D167390,00S1031000138985440
:62F:C241126BDT471308443,14
-}{5:{CHK:05C81C8759FE}}                                                                                                                                                                                                                              {1:F21AGBKBDDHA0995782856427}{4:{177:2411271608}{451:0}}{1:F01AGBKBDDHA0995782856427}{2:I950EZYRGB2LXXXXN}{4:
:20:AGBKFRDBFC2021
:25:7102
:28C:11/534
:60F:C241126BDT471308443,14
:61:241127D100000,00S1031000138985441
:61:241127D100000,00S1031000138985442
:61:241127D35028,00S1031000138985445
:61:241127D35000,00S1031000138985456
:61:241127D55002,00S1031000138985458
:61:241127D42000,00S1031000138985466
:61:241127D30250,00S1031000138985467
:61:241127D50000,00S1031000138985469
:61:241127D15000,00S1031000138985480
:61:241127D90000,00S1031000138985483
:61:241127D255763,00S1031000138985484
:61:241127D92380,00S1031000138985494
:61:241127D100000,00S1031000138985504
:61:241127D110771,00S1031000138985506
:61:241127D500000,00S1031000138985509
:61:241127D117565,00S1031000138985510
:61:241127D300000,00S1031000138985512
:61:241127D40000,00S1031000138985516
:61:241127D220000,00S1031000138985517
:61:241127D33000,00S1031000138985518
:61:241127D100000,00S1031000138985520
:61:241127D86750,00S1031000138985522
:61:241127D500000,00S1031000138985526
:61:241127D50300,00S1031000138985540
:61:241127D30000,00S1031000138985552
:61:241127D100865,00S1031000138985557
:61:241127D216000,00S1031000138985565
:61:241127D200000,00S1031000138985567
:62F:C241126BDT467702769,14
-}{5:{CHK:ED0EF561A586}}                                                                                                                                                                                                                            {1:F21AGBKBDDHA0995782856429}{4:{177:2411271608}{451:0}}{1:F01AGBKBDDHA0995782856429}{2:I950EZYRGB2LXXXXN}{4:
:20:AGBKFRDBFC2021
:25:7102
:28C:11/535
:60F:C241126BDT467702769,14
:61:241127D83370,00S1031000138985572
:61:241127D500000,00S1031000138985574
:61:241127D20000,00S1031000138985575
:61:241127D100000,00S1031000138985578
:61:241127D30000,00S1031000138985582
:61:241127D132906,00S1031000138985586
:61:241127D100200,00S1031000138985587
:61:241127D206830,00S1031000138985599
:61:241127D27980,00S1031000138985621
:61:241127D120000,00S1031000138985624
:61:241127D336109,00S1031000138985626
:61:241127D100000,00S1031000138985630
:61:241127D30032,00S1031000138985645
:61:241127D70056,00S1031000138985647
:61:241127D115000,00S1031000138985661
:61:241127D36814,00S1031000138985673
:61:241127D120024,00S1031000138985680
:61:241127D100000,00S1031000138985684
:61:241127D60000,00S1031000138985687
:61:241127D400000,00S1031000138985702
:61:241127D171003,00S1031000138985707
:61:241127D86640,00S1031000138985710
:61:241127D100000,00S1031000138985715
:61:241127D100000,00S1031000138985717
:61:241127D100017,00S1031000138985718
:61:241127D43343,00S1031000138985723
:61:241127D44000,00S1031000138985724
:61:241127D19601,99S1031000138985725
:62F:C241126BDT464348843,15
-}{5:{CHK:FEBAF72361EE}}                                                                                                                                                                                                                          {1:F21AGBKBDDHA0995782856430}{4:{177:2411271609}{451:0}}{1:F01AGBKBDDHA0995782856430}{2:I950EZYRGB2LXXXXN}{4:
:20:AGBKFRDBFC2021
:25:7102
:28C:11/536
:60F:C241126BDT464348843,15
:61:241127D342000,00S1031000138985727
:61:241127D400000,00S1031000138985728
:61:241127D300000,00S1031000138985733
:61:241127D100000,00S1031000138985738
:61:241127D46690,00S1031000138985747
:61:241127D30000,00S1031000138985753
:61:241127D100046,00S1031000138985756
:61:241127D235000,00S1031000138985761
:61:241127D35000,00S1031000138985764
:61:241127D50000,00S1031000138985769
:61:241127D132906,00S1031000138985783
:61:241127D66500,00S1031000138985788
:61:241127D100000,00S1031000138985803
:61:241127D140531,00S1031000138985805
:61:241127D100000,00S1031000138985815
:61:241127D100000,00S1031000138985828
:61:241127D35000,00S1031000138985831
:61:241127D65000,00S1031000138985832
:61:241127D100000,00S1031000138985834
:61:241127D192905,00S1031000138985841
:61:241127D50020,00S1031000138985844
:61:241127D100000,00S1031000138985847
:61:241127D70000,00S1031000138985873
:61:241127D200000,00S1031000138985876
:61:241127D77000,00S1031000138985881
:61:241127D302580,00S1031000138985884
:61:241127D116997,00S1031000138985894
:61:241127D195125,00S1031000138985904
:62F:C241126BDT460565543,15
-}{5:{CHK:96563DFAC9EE}}                                                                                                                                                                                                                        {1:F21AGBKBDDHA0995782856431}{4:{177:2411271610}{451:0}}{1:F01AGBKBDDHA0995782856431}{2:I950EZYRGB2LXXXXN}{4:
:20:AGBKFRDBFC2021
:25:7102
:28C:11/537
:60F:C241126BDT460565543,15
:61:241127D65000,00S1031000138985909
:61:241127D33620,00S1031000138985912
:61:241127D124320,00S1031000138985920
:61:241127D40000,00S1031000138985923
:61:241127D99520,00S1031000138985941
:61:241127D39500,00S1031000138985946
:61:241127D200000,00S1031000138985949
:61:241127D50000,00S1031000138985951
:61:241127D100000,00S1031000138986000
:61:241127D49506,00S1031000138986030
:61:241127D33360,00S1031000138986031
:61:241127D10000,00S1031000138986047
:61:241127D292685,00S1031000138986049
:61:241127D383000,00S1031000138986053
:61:241127D40000,00S1031000138986062
:61:241127D86700,00S1031000138986066
:61:241127D50000,00S1031000138986068
:61:241127D75000,00S1031000138986072
:61:241127D20000,00S1031000138986075
:61:241127D29600,00S1031000138986081
:61:241127D50000,00S1031000138986083
:61:241127D59665,00S1031000138986087
:61:241127D125000,00S1031000138986101
:61:241127D97560,00S1031000138986103
:61:241127D50000,00S1031000138986104
:61:241127D30000,00S1031000138986106
:61:241127D60180,00S1031000138986113
:61:241127D40000,00S1031000138986115
:62F:C241126BDT458231327,15
-}{5:{CHK:6BF895393978}}                                                                                                                                                                                                                                    {1:F21AGBKBDDHA0995782856432}{4:{177:2411271610}{451:0}}{1:F01AGBKBDDHA0995782856432}{2:I950EZYRGB2LXXXXN}{4:
:20:AGBKFRDBFC2021
:25:7102
:28C:11/538
:60F:C241126BDT458231327,15
:61:241127D500000,00S1031000138986120
:61:241127D82874,00S1031000138986125
:61:241127D40000,00S1031000138986128
:61:241127D49764,00S1031000138986136
:61:241127D97572,00S1031000138986138
:61:241127D100500,00S1031000138986144
:61:241127D480000,00S1031000138986145
:61:241127D100000,00S1031000138986151
:61:241127D10000,00S1031000138986154
:61:241127D102000,00S1031000138986155
:61:241127D33620,00S1031000138986157
:61:241127D201048,00S1031000138986159
:61:241127D150000,00S1031000138986162
:61:241127D150000,00S1031000138986164
:61:241127D32928,00S1031000138986167
:61:241127D49514,00S1031000138986168
:61:241127D333066,00S1031000138986171
:61:241127D100000,00S1031000138986175
:61:241127D15000,00S1031000138986179
:61:241127D23000,00S1031000138986185
:61:241127D97500,00S1031000138986204
:61:241127D30000,00S1031000138986206
:61:241127D65000,00S1031000138986229
:61:241127D32834,00S1031000138986230
:61:241127D127083,60S1031000138986231
:61:241127D100018,00S1031000138986238
:61:241127D60055,00S1031000138986241
:61:241127D49514,00S1031000138986246
:62F:C241126BDT455018436,55
-}{5:{CHK:844BE0A092F2}}                                                                                                                                                                                                                              {1:F21AGBKBDDHA0995782856434}{4:{177:2411271610}{451:0}}{1:F01AGBKBDDHA0995782856434}{2:I950EZYRGB2LXXXXN}{4:
:20:AGBKFRDBFC2021
:25:7102
:28C:11/539
:60F:C241126BDT455018436,55
:61:241127D50000,00S1031000138986250
:61:241127D20500,00S1031000138986255
:61:241127D16146,00S1031000138986270
:61:241127D170730,00S1031000138986275
:61:241127D50026,00S1031000138986293
:61:241127D102500,00S1031000138986298
:61:241127D32000,00S1031000138986323
:61:241127D50000,00S1031000138986331
:61:241127D283560,00S1031000138986349
:61:241127D132900,00S1031000138986353
:61:241127D170000,00S1031000138986359
:61:241127D30000,00S1031000138986371
:61:241127D150000,00S1031000138986385
:61:241127D73455,00S1031000138986389
:61:241127D153980,00S1031000138986396
:61:241127D200000,00S1031000138986406
:61:241127D353010,00S1031000138986414
:61:241127D55000,00S1031000138986415
:61:241127D10000,00S1031000138986439
:61:241127D43035,00S1031000138986448
:61:241127D84000,00S1031000138986451
:61:241127D177514,00S1031000138986452
:61:241127D100000,00S1031000138986457
:61:241127D134000,00S1031000138986466
:61:241127D29490,00S1031000138986467
:61:241127D70000,00S1031000138986471
:61:241127D500000,00S1031000138986480
:61:241127D50000,00S1031000138986483
:62F:C241126BDT451726590,55
-}{5:{CHK:182EC50A2869}}                                                                                                                                                                                                                             {1:F21AGBKBDDHA0995782856435}{4:{177:2411271611}{451:0}}{1:F01AGBKBDDHA0995782856435}{2:I950EZYRGB2LXXXXN}{4:
:20:AGBKFRDBFC2021
:25:7102
:28C:11/540
:60F:C241126BDT451726590,55
:61:241127D60000,00S1031000138986492
:61:241127D165855,00S1031000138986494
:61:241127D2523,00S1031000138986502
:61:241127D50000,00S1031000138986503
:61:241127D260000,00S1031000138986511
:61:241127D60000,00S1031000138986513
:61:241127D310000,00S1031000138986516
:61:241127D50000,00S1031000138986524
:61:241127D50000,00S1031000138986527
:61:241127D35000,00S1031000138986535
:61:241127D33600,00S1031000138986553
:61:241127D33000,00S1031000138986557
:61:241127D22820,00S1031000138986564
:61:241127D13340,00S1031000138986565
:61:241127D50000,00S1031000138986569
:61:241127D75000,00S1031000138986572
:61:241127D56000,00S1031000138986574
:61:241127D40000,00S1031000138986602
:61:241127D270000,00S1031000138986608
:61:241127D80000,00S1031000138986611
:61:241127D15000,00S1031000138986623
:61:241127D60000,00S1031000138986624
:61:241127D46395,60S1031000138986630
:61:241127D100000,00S1031000138986633
:61:241127D300000,00S1031000138986635
:61:241127D200000,00S1031000138986636
:61:241127D100000,00S1031000138986642
:61:241127D15000,00S1031000138986644
:62F:C241126BDT449173056,95
-}{5:{CHK:770685BDB5F1}}                                                                                                                                                                                                                                   {1:F21AGBKBDDHA0995782856436}{4:{177:2411271611}{451:0}}{1:F01AGBKBDDHA0995782856436}{2:I950EZYRGB2LXXXXN}{4:
:20:AGBKFRDBFC2021
:25:7102
:28C:11/541
:60F:C241126BDT449173056,95
:61:241127D100000,00S1031000138986659
:61:241127D69530,00S1031000138986663
:61:241127D133000,00S1031000138986664
:61:241127D160000,00S1031000138986665
:61:241127D50000,00S1031000138986666
:61:241127D91110,20S1031000138986668
:61:241127D20000,00S1031000138986678
:61:241127D200000,00S1031000138986689
:61:241127D390000,00S1031000138986695
:61:241127D130800,00S1031000138986698
:61:241127D39150,00S1031000138986701
:61:241127D49514,58S1031000138986706
:61:241127D40000,00S1031000138986711
:61:241127D50000,00S1031000138986713
:61:241127D42834,00S1031000138986714
:61:241127D59522,00S1031000138986721
:61:241127D180000,00S1031000138986731
:61:241127D50000,00S1031000138986733
:61:241127D100000,00S1031000138986741
:61:241127D16150,00S1031000138986743
:61:241127D300020,00S1031000138986744
:61:241127D15000,00S1031000138986750
:61:241127D100170,00S1031000138986751
:61:241127D300000,00S1031000138986755
:61:241127D60000,00S1031000138986761
:61:241127D60000,00S1031000138986763
:61:241127D43368,00S1031000138986773
:61:241127D120000,00S1031000138986786
:62F:C241126BDT446202888,17
-}{5:{CHK:C3225FAA87F4}}                                                                                                                                                                                                                              {1:F21AGBKBDDHA0995782856438}{4:{177:2411271612}{451:0}}{1:F01AGBKBDDHA0995782856438}{2:I950EZYRGB2LXXXXN}{4:
:20:AGBKFRDBFC2021
:25:7102
:28C:11/542
:60F:C241126BDT446202888,17
:61:241127D10000,00S1031000138986790
:61:241127D335535,00S1031000138986791
:61:241127D80000,00S1031000138986792
:61:241127D32950,00S1031000138986798
:61:241127D230000,00S1031000138986801
:61:241127D60000,00S1031000138986802
:61:241127D100000,00S1031000138986803
:61:241127D487830,00S1031000138986806
:61:241127D500000,00S1031000138986808
:61:241127D49506,00S1031000138986813
:61:241127D170000,00S1031000138986821
:61:241127D50000,00S1031000138986828
:61:241127D484900,00S1031000138986833
:61:241127D25000,00S1031000138986841
:61:241127D300000,00S1031000138986842
:61:241127D32826,00S1031000138986845
:61:241127D504000,00S1031000138986851
:61:241127D59840,00S1031000138986855
:61:241127D165000,00S1031000138986863
:61:241127D200000,00S1031000138986869
:61:241127D5000,00S1031000138986872
:61:241127D35000,00S1031000138986875
:61:241127D55000,00S1031000138986876
:61:241127D250000,00S1031000138986878
:61:241127D49758,00S1031000138986885
:61:241127D20000,00S1031000138986894
:61:241127D80000,00S1031000138986902
:61:241127D25000,00S1031000138986903
:62F:C241126BDT441805743,17
-}{5:{CHK:9133880AE818}}                                                                                                                                                                                                                               {1:F21AGBKBDDHA0995782856439}{4:{177:2411271612}{451:0}}{1:F01AGBKBDDHA0995782856439}{2:I950EZYRGB2LXXXXN}{4:
:20:AGBKFRDBFC2021
:25:7102
:28C:11/543
:60F:C241126BDT441805743,17
:61:241127D130240,00S1031000138986911
:61:241127D400000,00S1031000138986913
:61:241127D29498,00S1031000138986914
:61:241127D70081,00S1031000138986922
:61:241127D130746,00S1031000138986926
:61:241127D62855,00S1031000138986933
:61:241127D300000,00S1031000138986941
:61:241127D170000,00S1031000138986951
:61:241127D50000,00S1031000138986960
:61:241127D10000,00S1031000138986966
:61:241127D350000,00S1031000138986983
:61:241127D30000,00S1031000138986994
:61:241127D335527,00S1031000138986996
:61:241127D500000,00S1031000138986997
:61:241127D630000,00S1031000138987000
:61:241127D25013,00S1031000138987003
:61:241127D300000,00S1031000138987004
:61:241127D41174,00S1031000138987010
:61:241127D48814,00S1031000138987022
:61:241127D55010,00S1031000138987034
:61:241127D100000,00S1031000138987037
:61:241127D40745,00S1031000138987040
:61:241127D150000,00S1031000138987041
:61:241127D170000,00S1031000138987042
:61:241127D61716,00S1031000138987043
:61:241127D100000,00S1031000138987058
:61:241127D45520,00S1031000138987071
:61:241127D50000,00S1031000138987074
:62F:C241126BDT437418804,17
-}{5:{CHK:A8730087340B}}                                                                                                                                                                                                                            {1:F21AGBKBDDHA0995782856440}{4:{177:2411271613}{451:0}}{1:F01AGBKBDDHA0995782856440}{2:I950EZYRGB2LXXXXN}{4:
:20:AGBKFRDBFC2021
:25:7102
:28C:11/544
:60F:C241126BDT437418804,17
:61:241127D100000,00S1031000138987077
:61:241127D50000,00S1031000138987079
:61:241127D50000,00S1031000138987080
:61:241127D43033,00S1031000138987087
:61:241127D250000,00S1031000138987088
:61:241127D250000,00S1031000138987092
:61:241127D35000,00S1031000138987098
:61:241127D90000,00S1031000138987113
:61:241127D78050,00S1031000138987115
:61:241127D120000,00S1031000138987117
:61:241127D200000,00S1031000138987119
:61:241127D100000,00S1031000138987124
:61:241127D50000,00S1031000138987136
:61:241127D300000,00S1031000138987143
:61:241127D100000,00S1031000138987146
:61:241127D16150,00S1031000138987148
:61:241127D10018,00S1031000138987150
:61:241127D100000,00S1031000138987168
:61:241127D134000,00S1031000138987171
:61:241127D100000,00S1031000138987178
:61:241127D21850,00S1031000138987186
:61:241127D19500,00S1031000138987188
:61:241127D100000,00S1031000138987195
:61:241127D54000,00S1031000138987202
:61:241127D50000,00S1031000138987206
:61:241127D200000,00S1031000138987211
:61:241127D46409,39S1031000138987229
:61:241127D20000,00S1031000138987230
:62F:C241126BDT434730793,78
-}{5:{CHK:11C7833D8CE7}}                                                                                                                                                                                                                             {1:F21AGBKBDDHA0995782856441}{4:{177:2411271613}{451:0}}{1:F01AGBKBDDHA0995782856441}{2:I950EZYRGB2LXXXXN}{4:
:20:AGBKFRDBFC2021
:25:7102
:28C:11/545
:60F:C241126BDT434730793,78
:61:241127D100000,00S1031000138987233
:61:241127D30000,00S1031000138987236
:61:241127D142000,00S1031000138987240
:61:241127D100020,00S1031000138987241
:61:241127D10018,00S1031000138987242
:61:241127D400000,00S1031000138987254
:61:241127D160520,00S1031000138987274
:61:241127D80680,00S1031000138987277
:61:241127D30000,00S1031000138987284
:61:241127D126835,00S1031000138987285
:61:241127D166225,00S1031000138987286
:61:241127D96718,00S1031000138987287
:61:241127D266320,00S1031000138987294
:61:241127D600000,00S1031000138987299
:61:241127D80000,00S1031000138987302
:61:241127D27000,00S1031000138987305
:61:241127D325000,00S1031000138987308
:61:241127D133805,00S1031000138987317
:61:241127D86739,00S1031000138987324
:61:241127D10000,00S1031000138987329
:61:241127D40000,00S1031000138987332
:61:241127D27000,00S1031000138987333
:61:241127D40000,00S1031000138987341
:61:241127D33000,00S1031000138987356
:61:241127D266355,00S1031000138987366
:61:241127D116226,00S1031000138987367
:61:241127D5000,00S1031000138987370
:61:241127D50000,00S1031000138987380
:62F:C241126BDT431181332,78
-}{5:{CHK:F08AE35BA9FF}}                                                                                                                                                                                                                              {1:F21AGBKBDDHA0995782856442}{4:{177:2411271613}{451:0}}{1:F01AGBKBDDHA0995782856442}{2:I950EZYRGB2LXXXXN}{4:
:20:AGBKFRDBFC2021
:25:7102
:28C:11/546
:60F:C241126BDT431181332,78
:61:241127D56178,00S1031000138987401
:61:241127D69867,00S1031000138987413
:61:241127D503628,00S1031000138987419
:61:241127D32947,00S1031000138987421
:61:241127D32829,00S1031000138987424
:61:241127D133780,00S1031000138987430
:61:241127D100000,00S1031000138987438
:61:241127D20000,00S1031000138987439
:61:241127D400000,00S1031000138987446
:61:241127D53088,00S1031000138987447
:61:241127D10000,00S1031000138987449
:61:241127D100000,00S1031000138987453
:61:241127D40000,00S1031000138987457
:61:241127D52842,00S1031000138987459
:61:241127D25000,00S1031000138987460
:61:241127D500030,00S1031000138987462
:61:241127D66175,00S1031000138987465
:61:241127D80000,00S1031000138987473
:61:241127D224448,00S1031000138987477
:61:241127D50000,00S1031000138987479
:61:241127D271490,00S1031000138987497
:61:241127D48000,00S1031000138987506
:61:241127D80000,00S1031000138987510
:61:241127D65000,00S1031000138987512
:61:241127D32000,00S1031000138987516
:61:241127D208400,00S1031000138987526
:61:241127D271490,00S1031000138987530
:61:241127D100000,00S1031000138987539
:62F:C241126BDT427554140,78
-}{5:{CHK:C79A27636E16}}                                                                                                                                                                                                                               {1:F21AGBKBDDHA0995782856443}{4:{177:2411271614}{451:0}}{1:F01AGBKBDDHA0995782856443}{2:I950EZYRGB2LXXXXN}{4:
:20:AGBKFRDBFC2021
:25:7102
:28C:11/547
:60F:C241126BDT427554140,78
:61:241127D225200,00S1031000138987551
:61:241127D35000,00S1031000138987554
:61:241127D104160,00S1031000138987557
:61:241127D500000,00S1031000138987559
:61:241127D265000,00S1031000138987577
:61:241127D30022,00S1031000138987584
:61:241127D500000,00S1031000138987591
:61:241127D66550,00S1031000138987593
:61:241127D29586,00S1031000138987598
:61:241127D400000,00S1031000138987599
:61:241127D19482,00S1031000138987602
:61:241127D33625,00S1031000138987641
:61:241127D60000,00S1031000138987648
:61:241127D3630,90S1031000138987649
:61:241127D10000,00S1031000138987650
:61:241127D100000,00S1031000138987660
:61:241127D60010,00S1031000138987681
:61:241127D32774,00S1031000138987687
:61:241127D175000,00S1031000138987690
:61:241127D100000,00S1031000138987693
:61:241127D25000,00S1031000138987700
:61:241127D200000,00S1031000138987718
:61:241127D36170,00S1031000138987740
:61:241127D31500,00S1031000138987742
:61:241127D50000,00S1031000138987745
:61:241127D51000,00S1031000138987755
:61:241127D220000,00S1031000138987756
:61:241127D30000,00S1031000138987757
:62F:C241126BDT424160430,88
-}{5:{CHK:ACB19D19A77B}}                                                                                                                                                                                                                                {1:F21AGBKBDDHA0995782856444}{4:{177:2411271614}{451:0}}{1:F01AGBKBDDHA0995782856444}{2:I950EZYRGB2LXXXXN}{4:
:20:AGBKFRDBFC2021
:25:7102
:28C:11/548
:60F:C241126BDT424160430,88
:61:241127D16690,00S1031000138987761
:61:241127D17822,00S1031000138987762
:61:241127D99554,00S1031000138987775
:61:241127D50000,00S1031000138987781
:61:241127D50000,00S1031000138987782
:61:241127D75000,00S1031000138987787
:61:241127D50000,00S1031000138987795
:61:241127D100000,00S1031000138987796
:61:241127D10000,00S1031000138987807
:61:241127D33611,00S1031000138987824
:61:241127D45000,00S1031000138987826
:61:241127D31186,00S1031000138987829
:61:241127D35000,00S1031000138987832
:61:241127D100000,00S1031000138987841
:61:241127D5000,00S1031000138987847
:61:241127D32950,00S1031000138987860
:61:241127D35000,00S1031000138987866
:61:241127D107500,00S1031000138987875
:61:241127D17000,00S1031000138987889
:61:241127D289365,00S1031000138987892
:61:241127D17000,00S1031000138987894
:61:241127D200000,00S1031000138987913
:61:241127D50000,00S1031000138987927
:61:241127D40000,00S1031000138987930
:61:241127D100000,00S1031000138987940
:61:241127D33000,00S1031000138987955
:61:241127D32950,00S1031000138987956
:61:241127D100000,00S1031000138987962
:62F:C241126BDT422386802,88
-}{5:{CHK:778C782596B2}}                                                                                                                                                                                                                                    {1:F21AGBKBDDHA0995782856445}{4:{177:2411271615}{451:0}}{1:F01AGBKBDDHA0995782856445}{2:I950EZYRGB2LXXXXN}{4:
:20:AGBKFRDBFC2021
:25:7102
:28C:11/549
:60F:C241126BDT422386802,88
:61:241127D42000,00S1031000138987966
:61:241127D800000,00S1031000138987971
:61:241127D40000,00S1031000138988002
:61:241127D15000,00S1031000138988015
:61:241127D50000,00S1031000138988021
:61:241127D50000,00S1031000138988025
:61:241127D70000,00S1031000138988055
:61:241127D60000,00S1031000138988056
:61:241127D130000,00S1031000138988057
:61:241127D52000,00S1031000138988077
:61:241127D66567,00S1031000138988092
:61:241127D111000,00S1031000138988107
:61:241127D82874,00S1031000138988110
:61:241127D64550,00S1031000138988113
:61:241127D170000,00S1031000138988116
:61:241127D65000,00S1031000138988124
:61:241127D200000,00S1031000138988129
:61:241127D35000,00S1031000138988142
:61:241127D500000,00S1031000138988159
:61:241127D200000,00S1031000138988165
:61:241127D133730,00S1031000138988170
:61:241127D300000,00S1031000138988184
:61:241127D89967,00S1031000138988187
:61:241127D350000,00S1031000138988193
:61:241127D120000,00S1031000138988195
:61:241127D30024,82S1031000138988199
:61:241127D110500,00S1031000138988201
:61:241127D55000,00S1031000138988202
:62F:C241126BDT418393590,06
-}{5:{CHK:762ADC8A9F40}}                                                                                                                                                                                                                              {1:F21AGBKBDDHA0995782856447}{4:{177:2411271615}{451:0}}{1:F01AGBKBDDHA0995782856447}{2:I950EZYRGB2LXXXXN}{4:
:20:AGBKFRDBFC2021
:25:7102
:28C:11/550
:60F:C241126BDT418393590,06
:61:241127D29536,00S1031000138988204
:61:241127D500000,00S1031000138988219
:61:241127D100000,00S1031000138988244
:61:241127D33620,00S1031000138988255
:61:241127D90000,00S1031000138988261
:61:241127D40000,00S1031000138988263
:61:241127D20000,00S1031000138988274
:61:241127D40000,00S1031000138988282
:61:241127D350000,00S1031000138988283
:61:241127D100000,00S1031000138988290
:61:241127D100000,00S1031000138988292
:61:241127D200000,00S1031000138988298
:61:241127D50430,00S1031000138988307
:61:241127D49506,00S1031000138988318
:61:241127D205000,00S1031000138988322
:61:241127D133730,00S1031000138988326
:61:241127D200000,00S1031000138988328
:61:241127D80016,00S1031000138988330
:61:241127D244975,00S1031000138988339
:61:241127D52850,00S1031000138988345
:61:241127D400000,00S1031000138988349
:61:241127D60000,00S1031000138988366
:61:241127D167430,00S1031000138988369
:61:241127D100098,00S1031000138988371
:61:241127D130000,00S1031000138988380
:61:241127D500000,00S1031000138988381
:61:241127D100000,00S1031000138988387
:61:241127D18444,00S1031000138988390
:62F:C241126BDT414297955,06
-}{5:{CHK:0A4062EC6CEA}}                                                                                                                                                                                                                          {1:F21AGBKBDDHA0995782856449}{4:{177:2411271616}{451:0}}{1:F01AGBKBDDHA0995782856449}{2:I950EZYRGB2LXXXXN}{4:
:20:AGBKFRDBFC2021
:25:7102
:28C:11/551
:60F:C241126BDT414297955,06
:61:241127D50000,00S1031000138988398
:61:241127D50000,00S1031000138988402
:61:241127D100000,00S1031000138988403
:61:241127D201666,00S1031000138988410
:61:241127D200000,00S1031000138988414
:61:241127D500000,00S1031000138988418
:61:241127D234528,00S1031000138988431
:61:241127D30000,00S1031000138988440
:61:241127D103000,00S1031000138988446
:61:241127D40000,00S1031000138988452
:61:241127D40000,00S1031000138988455
:61:241127D28300,00S1031000138988457
:61:241127D49514,00S1031000138988459
:61:241127D86720,00S1031000138988470
:61:241127D500000,00S1031000138988471
:61:241127D63000,00S1031000138988476
:61:241127D10000,00S1031000138988485
:61:241127D500000,00S1031000138988492
:61:241127D170000,00S1031000138988494
:61:241127D30000,00S1031000138988499
:61:241127D65000,00S1031000138988510
:61:241127D100000,00S1031000138988513
:61:241127D500000,00S1031000138988520
:61:241127D162300,00S1031000138988530
:61:241127D100021,00S1031000138988537
:61:241127D300000,00S1031000138988538
:61:241127D40000,00S1031000138988541
:61:241127D117000,00S1031000138988548
:62F:C241126BDT409926906,06
-}{5:{CHK:9ECF713CCBF3}}                                                                                                                                                                                                                           {1:F21AGBKBDDHA0995782856450}{4:{177:2411271616}{451:0}}{1:F01AGBKBDDHA0995782856450}{2:I950EZYRGB2LXXXXN}{4:
:20:AGBKFRDBFC2021
:25:7102
:28C:11/552
:60F:C241126BDT409926906,06
:61:241127D67200,00S1031000138988552
:61:241127D266354,00S1031000138988555
:61:241127D600000,00S1031000138988569
:61:241127D45000,00S1031000138988576
:61:241127D500000,00S1031000138988587
:61:241127D122040,00S1031000138988588
:61:241127D49506,00S1031000138988598
:61:241127D33360,00S1031000138988610
:61:241127D350000,00S1031000138988614
:61:241127D49000,00S1031000138988639
:61:241127D50000,00S1031000138988642
:61:241127D103500,00S1031000138988646
:61:241127D75000,00S1031000138988668
:61:241127D33000,00S1031000138988672
:61:241127D100833,00S1031000138988679
:61:241127D369000,00S1031000138988680
:61:241127D100000,00S1031000138988682
:61:241127D150000,00S1031000138988685
:61:241127D230000,00S1031000138988699
:61:241127D168000,00S1031000138988712
:61:241127D70000,00S1031000138988717
:61:241127D30022,00S1031000138988727
:61:241127D166460,00S1031000138988737
:61:241127D25000,00S1031000138988740
:61:241127D157205,00S1031000138988742
:61:241127D200000,00S1031000138988745
:61:241127D335440,00S1031000138988755
:61:241127D600000,00S1031000138988758
:62F:C241126BDT404880986,06
-}{5:{CHK:E2F1BEA6B95E}}                                                                                                                                                                                                                         {1:F21AGBKBDDHA0995782856451}{4:{177:2411271616}{451:0}}{1:F01AGBKBDDHA0995782856451}{2:I950EZYRGB2LXXXXN}{4:
:20:AGBKFRDBFC2021
:25:7102
:28C:11/553
:60F:C241126BDT404880986,06
:61:241127D30000,00S1031000138988764
:61:241127D50000,00S1031000138988770
:61:241127D53000,00S1031000138988774
:61:241127D100000,00S1031000138988776
:61:241127D36000,00S1031000138988778
:61:241127D50000,00S1031000138988779
:61:241127D170000,00S1031000138988784
:61:241127D35011,00S1031000138988792
:61:241127D75000,00S1031000138988799
:61:241127D164450,00S1031000138988800
:61:241127D167230,00S1031000138988802
:61:241127D100000,00S1031000138988808
:61:241127D48814,00S1031000138988809
:61:241127D84000,00S1031000138988814
:61:241127D45050,00S1031000138988819
:61:241127D50000,00S1031000138988822
:61:241127D100000,00S1031000138988823
:61:241127D298550,00S1031000138988826
:61:241127D145000,00S1031000138988838
:61:241127D167220,00S1031000138988850
:61:241127D335330,00S1031000138988864
:61:241127D40000,00S1031000138988865
:61:241127D38650,00S1031000138988876
:61:241127D149594,00S1031000138988882
:61:241127D400000,00S1031000138988887
:61:241127D37560,00S1031000138988891
:61:241127D205000,00S1031000138988902
:61:241127D233000,00S1031000138988903
:62F:C241126BDT401472527,06
-}{5:{CHK:8DB3480CF285}}                                                                                                                                                                                                                            {1:F21AGBKBDDHA0995782856454}{4:{177:2411271617}{451:0}}{1:F01AGBKBDDHA0995782856454}{2:I950EZYRGB2LXXXXN}{4:
:20:AGBKFRDBFC2021
:25:7102
:28C:11/554
:60F:C241126BDT401472527,06
:61:241127D500000,00S1031000138988904
:61:241127D200000,00S1031000138988907
:61:241127D100000,00S1031000138988923
:61:241127D15025,00S1031000138988926
:61:241127D201047,00S1031000138988930
:61:241127D150000,00S1031000138988935
:61:241127D200000,00S1031000138988936
:61:241127D71056,00S1031000138988947
:61:241127D49757,00S1031000138988967
:61:241127D100000,00S1031000138988969
:61:241127D100165,00S1031000138988992
:61:241127D35000,00S1031000138989000
:61:241127D86000,00S1031000138989005
:61:241127D132914,00S1031000138989006
:61:241127D671560,00S1031000138989009
:61:241127D130008,50S1031000138989018
:61:241127D101000,00S1031000138989024
:61:241127D127680,00S1031000138989039
:61:241127D159695,00S1031000138989047
:61:241127D500000,00S1031000138989057
:61:241127D161000,00S1031000138989067
:61:241127D33000,00S1031000138989072
:61:241127D33620,00S1031000138989075
:61:241127D69929,00S1031000138989076
:61:241127D30000,00S1031000138989081
:61:241127D50000,00S1031000138989088
:61:241127D277000,00S1031000138989105
:61:241127D300000,00S1031000138989110
:62F:C241126BDT396887070,56
-}{5:{CHK:9677FBDC197F}}                                                                                                                                                                                                                        {1:F21AGBKBDDHA0995782856456}{4:{177:2411271617}{451:0}}{1:F01AGBKBDDHA0995782856456}{2:I950EZYRGB2LXXXXN}{4:
:20:AGBKFRDBFC2021
:25:7102
:28C:11/555
:60F:C241126BDT396887070,56
:61:241127D500400,00S1031000138989115
:61:241127D69000,00S1031000138989120
:61:241127D170000,00S1031000138989128
:61:241127D105210,00S1031000138989137
:61:241127D160000,00S1031000138989138
:61:241127D150000,00S1031000138989139
:61:241127D10500,00S1031000138989140
:61:241127D75000,00S1031000138989148
:61:241127D20000,00S1031000138989161
:61:241127D200100,00S1031000138989177
:61:241127D200000,00S1031000138989192
:61:241127D20000,00S1031000138989206
:61:241127D100000,00S1031000138989210
:61:241127D532000,00S1031000138989218
:61:241127D40000,00S1031000138989229
:61:241127D500000,00S1031000138989230
:61:241127D18016,00S1031000138989244
:61:241127D60000,00S1031000138989258
:61:241127D400000,00S1031000138989261
:61:241127D50000,00S1031000138989269
:61:241127D100000,00S1031000138989277
:61:241127D200000,00S1031000138989289
:61:241127D150000,00S1031000138989291
:61:241127D50000,00S1031000138989306
:61:241127D151000,00S1031000138989312
:61:241127D168099,00S1031000138989323
:61:241127D300000,00S1031000138989343
:61:241127D49713,00S1031000138989354
:62F:C241126BDT392338032,56
-}{5:{CHK:CE3B458D4247}}                                                                                                                                                                                                                         {1:F21AGBKBDDHA0995782856458}{4:{177:2411271618}{451:0}}{1:F01AGBKBDDHA0995782856458}{2:I950EZYRGB2LXXXXN}{4:
:20:AGBKFRDBFC2021
:25:7102
:28C:11/556
:60F:C241126BDT392338032,56
:61:241127D88500,00S1031000138989360
:61:241127D100000,00S1031000138989362
:61:241127D151290,00S1031000138989388
:61:241127D326600,00S1031000138989394
:61:241127D300000,00S1031000138989399
:61:241127D170000,00S1031000138989403
:61:241127D165000,00S1031000138989411
:61:241127D200000,00S1031000138989420
:61:241127D167430,00S1031000138989423
:61:241127D167440,00S1031000138989426
:61:241127D167435,00S1031000138989430
:61:241127D167440,00S1031000138989434
:61:241127D500030,00S1031000138989437
:61:241127D20029,00S1031000138989443
:61:241127D80000,00S1031000138989469
:61:241127D120574,64S1031000138989633
:61:241126D400000,00S103149537569071
:61:241126D25000,00S103174509017751
:61:241126D101800,00S103175519504199
:61:241126D35000,00S103354663035342
:61:241126D20000,00S103401129593845
:61:241126D114890,00S103411965496749
:61:241126D23000,00S103523878160840
:61:241126D60000,00S103663034436195
:62F:C241126BDT388666573,92
-}{5:{CHK:2B47488C0C6E}}                                                                                                                                                                                                                                                                                                                                                                                          {1:F21AGBKBDDHA0995782856469}{4:{177:2411271620}{451:0}}{1:F01AGBKBDDHA0995782856469}{2:I950EZYRGB2LXXXXN}{4:
:20:AGBKFRDBFC2024
:25:7102
:28C:11/500
:60F:C241126BDT143397676,62
:61:240626C170000,00S1031000138927384
:61:241126C45000,00S1031000138929829
:61:241126C500000,00S1031000138920050
:61:241126C50000,00S1031000138928801
:61:241126C167130,00S1031000138955090
:61:241126C5000,00S1031000138957715
:61:241126C50000,00S1031000138959599
:61:241126C100000,00S1031000138960592
:61:241126C40710,00S1031000138967743
:61:241126C46005,00S1031000138977140
:61:241126C500000,00S1031000138981937
:61:241126C97565,00S1031000138982165
:61:241126C500000,00S1031000138983249
:61:241126C40000,00S1031000138988263
:61:241126C50000,00S1031000138938716
:61:241124C368460000,00S910FUNDRECEIVED
:61:241125C122850000,00S910FUNDRECEIVED
:62F:C241126BDT637069086,62
-}{5:{CHK:0B7D7EFFE46B}}                                                                                                                                 {1:F21AGBKBDDHA0995782080923}{4:{177:2411271701}{451:0}}{1:F01AGBKBDDHA0995782080923}{2:O1991401241127ALBISARIAXXX79947707892411271701N}{3:{108:E199241127AKNOQX}{433:/AOK/EXCLUDED}}{4:
:20:10006743.2024
:79:KINDLY EFFECT THE BELOW MENTIONED
TRANSFER WITH THE FOLLOWING DETAILS
VALUE DATE       27/11/2024
SETTLEMENT NO    00007
FILE NAME        10006743.20241127.00007.TXT
FILE HASH TOTAL           836,667.36
ITEM NO  CCY           AMOUNT
.
0000013  BDT              836,667.36
.
PLEASE BE INFORMED THAT WE ALREADY
CREDITED TO YOUR ACCOUNT WITH THE
ABOVE MENTIONED AMOUNT AND FOR ANY
DESCREPENCIES PLEASE CALL US AT
(0099661)4798916 OR SEND FAX TO
4798918 AND ATTENTION IT TO
SAMI AL-SWADI
HEAD OF REMITTANCES UNIT
THANKS AND REGARDS
BANK ALBILAD
RIYADH
-}{5:{MAC:00000000}{CHK:BA0BE6156835}}{S:{SAC:}{COP:P}}                                                                                                                                                                                             {1:F21AGBKBDDHA0995782080949}{4:{177:2411271801}{451:0}}{1:F01AGBKBDDHA0995782080949}{2:O1991501241127ALBISARIAXXX79947710022411271801N}{3:{108:E199241127AKNPT0}{433:/AOK/EXCLUDED}}{4:
:20:10006743.2024
:79:KINDLY EFFECT THE BELOW MENTIONED
TRANSFER WITH THE FOLLOWING DETAILS
VALUE DATE       27/11/2024
SETTLEMENT NO    00008
FILE NAME        10006743.20241127.00008.TXT
FILE HASH TOTAL           304,787.66
ITEM NO  CCY           AMOUNT
.
0000007  BDT              304,787.66
.
PLEASE BE INFORMED THAT WE ALREADY
CREDITED TO YOUR ACCOUNT WITH THE
ABOVE MENTIONED AMOUNT AND FOR ANY
DESCREPENCIES PLEASE CALL US AT
(0099661)4798916 OR SEND FAX TO
4798918 AND ATTENTION IT TO
SAMI AL-SWADI
HEAD OF REMITTANCES UNIT
THANKS AND REGARDS
BANK ALBILAD
RIYADH
-}{5:{MAC:00000000}{CHK:B88A5FB5C031}}{S:{SAC:}{COP:P}}                                                                                                                                                                                             {1:F21AGBKBDDHA0995782080971}{4:{177:2411271840}{451:0}}{1:F01AGBKBDDHA0995782080971}{2:O1031211241127ALBISARIAXXX79947702802411271841N}{3:{108:E103241127AKNMCK}{121:c0310480-9b0e-4744-bba8-fcb0558bcc03}{433:/FPO/FALSE POSITIVE}}{4:
:20:FT24332402127739
:23B:CRED
:32A:241127BDT69875,93
:50K:/SA6915000436637528240007
MOHAMMED SALEH ALORAINI
ALOLA-Saudi Arabia
DOB 1960 AUG 25- POB sa
:52A:ALBISARI
:57A:AGBKBDDH010
:59:/0200017354859
RASED MOLLAH
:70:HOUSE LABOR TRANSFER
SALARY
:71A:SHA
-}{5:{MAC:00000000}{CHK:688A06A335C8}{DLM:}}{S:{SAC:}{COP:P}}                                                                                                                                                                                                                                                                                                                                                                                                                                                                         {1:F21AGBKBDDHA0995782080995}{4:{177:2411271901}{451:0}}{1:F01AGBKBDDHA0995782080995}{2:O1991601241127ALBISARIAXXX79947713272411271901N}{3:{108:E199241127AKNVXJ}{433:/AOK/EXCLUDED}}{4:
:20:10006743.2024
:79:KINDLY EFFECT THE BELOW MENTIONED
TRANSFER WITH THE FOLLOWING DETAILS
VALUE DATE       27/11/2024
SETTLEMENT NO    00009
FILE NAME        10006743.20241127.00009.TXT
FILE HASH TOTAL           944,098.14
ITEM NO  CCY           AMOUNT
.
0000011  BDT              944,098.14
.
PLEASE BE INFORMED THAT WE ALREADY
CREDITED TO YOUR ACCOUNT WITH THE
ABOVE MENTIONED AMOUNT AND FOR ANY
DESCREPENCIES PLEASE CALL US AT
(0099661)4798916 OR SEND FAX TO
4798918 AND ATTENTION IT TO
SAMI AL-SWADI
HEAD OF REMITTANCES UNIT
THANKS AND REGARDS
BANK ALBILAD
RIYADH
-}{5:{MAC:00000000}{CHK:3D5099D0306C}}{S:{SAC:}{COP:P}}                                                                                                                                                                                             {1:F21AGBKBDDHA0995783081017}{4:{177:2411280943}{451:0}}{1:F01AGBKBDDHA0995783081017}{2:O1991701241127ALBISARIAXXX79947716712411280943N}{3:{108:E199241127AKNWR0}{433:/AOK/EXCLUDED}}{4:
:20:10006743.2024
:79:KINDLY EFFECT THE BELOW MENTIONED
TRANSFER WITH THE FOLLOWING DETAILS
VALUE DATE       27/11/2024
SETTLEMENT NO    00010
FILE NAME        10006743.20241127.00010.TXT
FILE HASH TOTAL           439,364.33
ITEM NO  CCY           AMOUNT
.
0000007  BDT              439,364.33
.
PLEASE BE INFORMED THAT WE ALREADY
CREDITED TO YOUR ACCOUNT WITH THE
ABOVE MENTIONED AMOUNT AND FOR ANY
DESCREPENCIES PLEASE CALL US AT
(0099661)4798916 OR SEND FAX TO
4798918 AND ATTENTION IT TO
SAMI AL-SWADI
HEAD OF REMITTANCES UNIT
THANKS AND REGARDS
BANK ALBILAD
RIYADH
-}{5:{MAC:00000000}{CHK:B119366698EC}{DLM:}}{S:{SAC:}{COP:P}}                                                                                                                                                                                       {1:F21AGBKBDDHA0995783081047}{4:{177:2411280944}{451:0}}{1:F01AGBKBDDHA0995783081047}{2:O1991801241127ALBISARIAXXX79947721772411280944N}{3:{108:E199241127AKNX45}{433:/AOK/EXCLUDED}}{4:
:20:10006743.2024
:79:KINDLY EFFECT THE BELOW MENTIONED
TRANSFER WITH THE FOLLOWING DETAILS
VALUE DATE       27/11/2024
SETTLEMENT NO    00011
FILE NAME        10006743.20241127.00011.TXT
FILE HASH TOTAL           280,025.01
ITEM NO  CCY           AMOUNT
.
0000005  BDT              280,025.01
.
PLEASE BE INFORMED THAT WE ALREADY
CREDITED TO YOUR ACCOUNT WITH THE
ABOVE MENTIONED AMOUNT AND FOR ANY
DESCREPENCIES PLEASE CALL US AT
(0099661)4798916 OR SEND FAX TO
4798918 AND ATTENTION IT TO
SAMI AL-SWADI
HEAD OF REMITTANCES UNIT
THANKS AND REGARDS
BANK ALBILAD
RIYADH
-}{5:{MAC:00000000}{CHK:749663DE90E8}{DLM:}}{S:{SAC:}{COP:P}}                                                                                                                                                                                       {1:F21AGBKBDDHA0995783081058}{4:{177:2411280944}{451:0}}{1:F01AGBKBDDHA0995783081058}{2:O1991901241127ALBISARIAXXX79947722532411280944N}{3:{108:E199241127AKNXCE}{433:/AOK/EXCLUDED}}{4:
:20:10006743.2024
:79:KINDLY EFFECT THE BELOW MENTIONED
TRANSFER WITH THE FOLLOWING DETAILS
VALUE DATE       27/11/2024
SETTLEMENT NO    00012
FILE NAME        10006743.20241127.00012.TXT
FILE HASH TOTAL            53,995.03
ITEM NO  CCY           AMOUNT
.
0000002  BDT               53,995.03
.
PLEASE BE INFORMED THAT WE ALREADY
CREDITED TO YOUR ACCOUNT WITH THE
ABOVE MENTIONED AMOUNT AND FOR ANY
DESCREPENCIES PLEASE CALL US AT
(0099661)4798916 OR SEND FAX TO
4798918 AND ATTENTION IT TO
SAMI AL-SWADI
HEAD OF REMITTANCES UNIT
THANKS AND REGARDS
BANK ALBILAD
RIYADH
-}{5:{MAC:00000000}{CHK:33EB4CD748B2}{DLM:}}{S:{SAC:}{COP:P}}                                                                                                                                                                                       {1:F21AGBKBDDHA0995783081067}{4:{177:2411280944}{451:0}}{1:F01AGBKBDDHA0995783081067}{2:O1992001241127ALBISARIAXXX79947723172411280944N}{3:{108:E199241127AKNXHX}{433:/AOK/EXCLUDED}}{4:
:20:10006743.2024
:79:KINDLY EFFECT THE BELOW MENTIONED
TRANSFER WITH THE FOLLOWING DETAILS
VALUE DATE       27/11/2024
SETTLEMENT NO    00013
FILE NAME        10006743.20241127.00013.TXT
FILE HASH TOTAL           101,193.06
ITEM NO  CCY           AMOUNT
.
0000003  BDT              101,193.06
.
PLEASE BE INFORMED THAT WE ALREADY
CREDITED TO YOUR ACCOUNT WITH THE
ABOVE MENTIONED AMOUNT AND FOR ANY
DESCREPENCIES PLEASE CALL US AT
(0099661)4798916 OR SEND FAX TO
4798918 AND ATTENTION IT TO
SAMI AL-SWADI
HEAD OF REMITTANCES UNIT
THANKS AND REGARDS
BANK ALBILAD
RIYADH
-}{5:{MAC:00000000}{CHK:39D24BCE7000}{DLM:}}{S:{SAC:}{COP:P}}                                                                                                                                                                                       {1:F21AGBKBDDHA0995783081075}{4:{177:2411280944}{451:0}}{1:F01AGBKBDDHA0995783081075}{2:O1992131241127ALBISARIAXXX79947724062411280944N}{3:{108:E199241127AKNY2Q}{433:/AOK/EXCLUDED}}{4:
:20:10006743.2024
:79:KINDLY EFFECT THE BELOW MENTIONED
TRANSFER WITH THE FOLLOWING DETAILS
VALUE DATE       27/11/2024
SETTLEMENT NO    00014
FILE NAME        10006743.20241127.00014.TXT
FILE HASH TOTAL           465,270.50
ITEM NO  CCY           AMOUNT
.
0000007  BDT              465,270.50
.
PLEASE BE INFORMED THAT WE ALREADY
CREDITED TO YOUR ACCOUNT WITH THE
ABOVE MENTIONED AMOUNT AND FOR ANY
DESCREPENCIES PLEASE CALL US AT
(0099661)4798916 OR SEND FAX TO
4798918 AND ATTENTION IT TO
SAMI AL-SWADI
HEAD OF REMITTANCES UNIT
THANKS AND REGARDS
BANK ALBILAD
RIYADH
-}{5:{MAC:00000000}{CHK:F75C30D170F4}{DLM:}}{S:{SAC:}{COP:P}}                                                                                                                                                                                       {1:F21AGBKBDDHA0995783081094}{4:{177:2411280944}{451:0}}{1:F01AGBKBDDHA0995783081094}{2:O1992301241127ALBISARIAXXX79947725022411280944N}{3:{108:E199241127AKNY91}{433:/AOK/EXCLUDED}}{4:
:20:10006743.2024
:79:KINDLY EFFECT THE BELOW MENTIONED
TRANSFER WITH THE FOLLOWING DETAILS
VALUE DATE       27/11/2024
SETTLEMENT NO    00015
FILE NAME        10006743.20241127.00015.TXT
FILE HASH TOTAL             2,731.51
ITEM NO  CCY           AMOUNT
.
0000001  BDT                2,731.51
.
PLEASE BE INFORMED THAT WE ALREADY
CREDITED TO YOUR ACCOUNT WITH THE
ABOVE MENTIONED AMOUNT AND FOR ANY
DESCREPENCIES PLEASE CALL US AT
(0099661)4798916 OR SEND FAX TO
4798918 AND ATTENTION IT TO
SAMI AL-SWADI
HEAD OF REMITTANCES UNIT
THANKS AND REGARDS
BANK ALBILAD
RIYADH
-}{5:{MAC:00000000}{CHK:B5923E7B50ED}{DLM:}}{S:{SAC:}{COP:P}}                                                                                                                                                                                       