{1:F21AGBKBDDHA0995783081249}{4:{177:2411281101}{451:0}}{1:F01AGBKBDDHA0995783081249}{2:O1990801241128ALBISARIAXXX79957728472411281101N}{3:{108:E199241128AKO0HQ}{433:/AOK/EXCLUDED}}{4:
:20:10006743.2024
:79:KINDLY EFFECT THE BELOW MENTIONED
TRANSFER WITH THE FOLLOWING DETAILS
VALUE DATE       28/11/2024
SETTLEMENT NO    00001
FILE NAME        10006743.20241128.00001.TXT
FILE HASH TOTAL           392,104.59
ITEM NO  CCY           AMOUNT
.
0000010  BDT              392,104.59
.
PLEASE BE INFORMED THAT WE ALREADY
CREDITED TO YOUR ACCOUNT WITH THE
ABOVE MENTIONED AMOUNT AND FOR ANY
DESCREPENCIES PLEASE CALL US AT
(0099661)4798916 OR SEND FAX TO
4798918 AND ATTENTION IT TO
SAMI AL-SWADI
HEAD OF REMITTANCES UNIT
THANKS AND REGARDS
BANK ALBILAD
RIYADH
-}{5:{MAC:00000000}{CHK:7B52BB7339EC}}{S:{SAC:}{COP:P}}                                                                                                                                                                                             {1:F21AGBKBDDHA0995783081257}{4:{177:2411281201}{451:0}}{1:F01AGBKBDDHA0995783081257}{2:O1990901241128ALBISARIAXXX79957730472411281201N}{3:{108:E199241128AKO1TB}{433:/AOK/EXCLUDED}}{4:
:20:10006743.2024
:79:KINDLY EFFECT THE BELOW MENTIONED
TRANSFER WITH THE FOLLOWING DETAILS
VALUE DATE       28/11/2024
SETTLEMENT NO    00002
FILE NAME        10006743.20241128.00002.TXT
FILE HASH TOTAL            43,831.79
ITEM NO  CCY           AMOUNT
.
0000001  BDT               43,831.79
.
PLEASE BE INFORMED THAT WE ALREADY
CREDITED TO YOUR ACCOUNT WITH THE
ABOVE MENTIONED AMOUNT AND FOR ANY
DESCREPENCIES PLEASE CALL US AT
(0099661)4798916 OR SEND FAX TO
4798918 AND ATTENTION IT TO
SAMI AL-SWADI
HEAD OF REMITTANCES UNIT
THANKS AND REGARDS
BANK ALBILAD
RIYADH
-}{5:{MAC:00000000}{CHK:7BAE746761EE}}{S:{SAC:}{COP:P}}                                                                                                                                                                                             {1:F21AGBKBDDHA0995783081261}{4:{177:2411281223}{451:0}}{1:F01AGBKBDDHA0995783081261}{2:O1030923241128ALBISARIAXXX79957730922411281223N}{3:{108:E103241128AKOARP}{121:428dc6d7-d4a5-4a46-87df-a87d9bd26679}{433:/AOK/NO HIT DETECTED}}{4:
:20:FT24333787006006
:23B:CRED
:32A:241128BDT19057,07
:50K:/SA4015000422122690350007
MULUK MOHAMMED ALQAHTANI
RIYADH-Saudi Arabia
DOB 1976 APR 11- POB SA
:52A:ALBISARI
:57A:AGBKBDDH033
:59:/0200016015803
MST SURJO KHATUN
:70:SALARY
RATEB
:71A:SHA
-}{5:{MAC:00000000}{CHK:FD8A17D42B1F}}{S:{SAC:}{COP:P}}                                                                                                                                                                                                                                                                                                                                                                                                                                                                                       {1:F21AGBKBDDHA0995783856776}{4:{177:2411281247}{451:0}}{1:F01AGBKBDDHA0995783856776}{2:I940SIBCSARIXXXXN}{4:
:20:AGBKFRDNRT7086
:25:7086
:28C:11/27
:60F:C241127BDT33465313,19
:61:2411251128D31680,00S103 FTN25181055 
:61:2411251128D1905,60S103 FTN25181201 
:61:2411251128D160000,00S103 FTN25181886 
:61:2411251128D10020,28S103 FTN25182162 
:61:2411251128D9528,00S103 FTN25182361 
:61:2411251128D75541,16S103 FTN25182404 
:61:2411251128D10750,76S103 FTN25182566 
:61:2411261128D29489,16S103 FTN25183082 
:61:2411261128D38301,12S103 FTN25183087 
:61:2411261128D48068,76S103 FTN25183715 
:61:2411261128D29489,16S103 FTN25183839 
:61:2411261128D75240,00S103 FTN25184014 
:61:2411261128D63154,76S103 FTN25184073 
:61:2411261128D15840,00S103 FTN25184148 
:61:2411261128D34300,80S103 FTN25184206 
:62F:C241127BDT32832003,63
-}{5:{CHK:F8F023D60753}}                                                                                                                                                                {1:F21AGBKBDDHA0995783856778}{4:{177:2411281248}{451:0}}{1:F01AGBKBDDHA0995783856778}{2:I950EZYRGB2LXXXXN}{4:
:20:AGBKFRDBFC2024
:25:7102
:28C:11/557
:60F:C241127BDT388666573,92
:61:241127C56625,00S1031000138958120
:61:241127C50000,00S1031000138502970
:61:241127C100000,00S1031000138953538
:61:241127C150026,00S1031000138922268
:61:241127C60000,00S1031000138984245
:61:241127C50000,00S1031000138984794
:61:241127C151290,00S1031000138989388
:62F:C241127BDT389284514,92
-}{5:{CHK:AE183DBA77EB}}     {1:F21AGBKBDDHA0995783856783}{4:{177:2411281248}{451:0}}{1:F01AGBKBDDHA0995783856783}{2:I950NCBKSAJEXXXXN}{4:
:20:FRGII/ST/241128
:25:NRT7055
:28C:11/240
:60F:C241127BDT43698087,99
:61:241127C35000000,00S910FUNDRECEIVED
:62M:C241127BDT78698087,99
-}{5:{CHK:5F65D1975282}}                                                                                                                                                                                                                                        {1:F21AGBKBDDHA0995783856785}{4:{177:2411281249}{451:0}}{1:F01AGBKBDDHA0995783856785}{2:I950ARNBSARIXXXXN}{4:
:20:AGBKFXANB
:25:7030
:28C:11/47
:60F:C241127BDT6901733,51
:61:241127C12700000,00S910FUNDRECEIVED
:62M:C241127BDT19601733,51
-}{5:{CHK:F7E2F4E73A95}}                                                                                                                                                                                                                                                   {1:F21AGBKBDDHA0995783856787}{4:{177:2411281250}{451:0}}{1:F01AGBKBDDHA0995783856787}{2:I950ALBISARIXXXXN}{4:
:20:AGBKPBNRTA0031
:25:7031
:28C:11/87
:60F:C241127BDT26808268,42
:61:241127C60000000,00S910FUNDRECEIVED
:62M:C241127BDT86808268,42
-}{5:{CHK:257D52CB24B1}}                                                                                                                                                                                                                                             {1:F21AGBKBDDHA0995783856788}{4:{177:2411281250}{451:0}}{1:F01AGBKBDDHA0995783856788}{2:I950RJHISARIXXXXN}{4:
:20:AGBKFRCDNRTA7009
:25:7009
:28C:11/255
:60F:C241127BDT89757211,68
:61:241127C63650000,00S910FUNDRECEIVED
:62M:C241127BDT153407211,68
-}{5:{CHK:473CB8CD7F70}}                                                                                                                                                                                                                                         {1:F21AGBKBDDHA0995783856789}{4:{177:2411281250}{451:0}}{1:F01AGBKBDDHA0995783856789}{2:I950RJHISARIXXXXN}{4:
:20:AGBKFRCDNRTA7009
:25:7009
:28C:11/256
:60F:C241127BDT153407211,68
:61:241126D24999,84S103111111981668846
:61:241126D100865,87S103111111981742517
:61:241126D45507,92S103111111982386160
:61:241126D49414,47S103111111982475958
:61:241126D292232,34S103439616377
:61:241126D136564,64S103439620617
:61:241126D218863,95S103439621653
:61:241126D27855,15S103439621712
:61:241126D12759,17S103439621965
:61:241126D50015,95S103439624256
:61:241126D47846,89S103439624656
:61:241126D36682,62S103439625063
:61:241126D31355,66S103439625190
:61:241126D63795,85S103439625313
:61:241126D50000,00S103439625772
:61:241126D15948,96S103439625954
:61:241126D95566,19S103439626003
:61:241126D26443,38S103439626713
:61:241126D104456,82S103439630776
:61:241126D100000,00S103439631525
:61:241126D100658,39S103439632603
:61:241126D25000,00S103439634493
:61:241126D63307,17S103439635257
:61:241126D26905,55S103439636200
:61:241126D34449,76S103439640130
:61:241126D40191,39S103439640132
:61:241126D61244,02S103439640664
:61:241126D175438,60S103439640815
:62F:C241127BDT151348841,13
-}{5:{CHK:B6DBCEFC53E9}}                                                                                                                                                                                                                                                                                                                        {1:F21AGBKBDDHA0995783856790}{4:{177:2411281252}{451:0}}{1:F01AGBKBDDHA0995783856790}{2:I950RJHISARIXXXXN}{4:
:20:AGBKFRCDNRTA7009
:25:7009
:28C:11/257
:60F:C241127BDT151348841,13
:61:241126D57416,27S103439642042
:61:241126D31897,93S103439643795
:61:241126D2546,53S103439643916
:61:241126D579260,56S103439644354
:61:241126D2532,29S103439645344
:61:241126D280588,44S103439645359
:61:241126D150000,00S103439645455
:61:241126D62674,09S103439645614
:61:241126D61091,42S103439645868
:61:241126D86124,40S103439646270
:61:241126D31897,93S103439646789
:61:241126D102073,37S103439646845
:61:241126D400000,00S103439647644
:61:241126D50012,66S103439647712
:61:241126D2546,53S103439647734
:61:241126D43696,19S103439647900
:61:241126D49441,79S103439648325
:61:241126D30303,03S103439648547
:61:241126D112824,45S103439648630
:61:241126D40530,83S103439648911
:61:241126D100000,00S103439648946
:61:241126D40000,00S103439650567
:61:241126D15948,96S103439650593
:61:241126D50079,74S103439651185
:61:241126D80000,00S103439651611
:61:241126D46861,55S103439652113
:61:241126D60000,00S103439652239
:61:241126D15193,72S103439652855
:62F:C241127BDT148763298,45
-}{5:{CHK:998E48C397C8}}                                                                                                                                                                                                                                                                                                                                                    {1:F21AGBKBDDHA0995783856792}{4:{177:2411281253}{451:0}}{1:F01AGBKBDDHA0995783856792}{2:I950RJHISARIXXXXN}{4:
:20:AGBKFRCDNRTA7009
:25:7009
:28C:11/258
:60F:C241127BDT148763298,45
:61:241126D31897,93S103439652857
:61:241126D2546,53S103439653169
:61:241126D34200,11S103439653367
:61:241126D10000,00S103439653733
:61:241126D22009,57S103439653866
:61:241126D131974,88S103439653995
:61:241126D9569,38S103439654111
:61:241126D101745,70S103439655110
:61:241126D100151,94S103439655239
:61:241126D31653,58S103439655513
:61:241126D198289,12S103439655571
:61:241126D15207,96S103439655847
:61:241126D6000,00S103439655972
:61:241126D3165,36S103439656167
:61:241126D37351,23S103439656311
:61:241126D30000,00S103439656611
:61:241126D43696,19S103439656625
:61:241126D160574,16S103439657011
:61:241126D50012,66S103439657772
:61:241126D28070,18S103439657945
:61:241126D31034,76S103439658372
:61:241126D157139,47S103439658661
:61:241126D77000,00S103439658718
:61:241126D2546,53S103439658767
:61:241126D103328,37S103439659498
:61:241126D34449,76S103439659655
:61:241126D94327,68S103439660023
:61:241126D15311,00S103439660296
:62F:C241127BDT147200044,40
-}{5:{CHK:7AEF427DDC98}}                                                                                                                                                                                                                                                                                                                                                      {1:F21AGBKBDDHA0995783856793}{4:{177:2411281254}{451:0}}{1:F01AGBKBDDHA0995783856793}{2:I950RJHISARIXXXXN}{4:
:20:AGBKFRCDNRTA7009
:25:7009
:28C:11/259
:60F:C241127BDT147200044,40
:61:241126D38933,91S103439660361
:61:241126D96997,66S103439660387
:61:241126D31897,93S103439660459
:61:241126D31100,48S103439661086
:61:241126D2546,53S103439661936
:61:241126D31034,76S103439662098
:61:241126D2582,93S103439663077
:61:241126D101745,70S103439663207
:61:241126D27869,40S103439663488
:61:241126D50012,66S103439663660
:61:241126D44657,10S103439663671
:61:241126D50000,00S103439664191
:61:241126D31897,93S103439664355
:61:241126D2546,53S103439664452
:61:241126D31020,51S103439664512
:61:241126D37365,47S103439664965
:61:241126D31663,61S103439665129
:61:241126D1596,92S103439665989
:61:241126D54226,48S103439666398
:61:241126D38277,51S103439666411
:61:241126D48429,98S103439666514
:61:241126D75335,53S103439666531
:61:241126D76555,02S103439666581
:61:241126D166507,19S103439666922
:61:241126D109521,40S103439667248
:61:241126D28905,45S103439667701
:61:241126D63795,85S103439667896
:61:241126D100000,00S103439668268
:62F:C241127BDT145793019,96
-}{5:{CHK:80D19C6F803A}}                                                                                                                                                                                                                                                                                                                                                        {1:F21AGBKBDDHA0995783856794}{4:{177:2411281254}{451:0}}{1:F01AGBKBDDHA0995783856794}{2:I950RJHISARIXXXXN}{4:
:20:AGBKFRCDNRTA7009
:25:7009
:28C:11/260
:60F:C241127BDT145793019,96
:61:241126D15000,00S103439668408
:61:241126D69004,81S103439668421
:61:241126D25518,34S103439668949
:61:241126D96543,43S103439669042
:61:241126D100000,00S103439669234
:61:241126D51036,68S103439669278
:61:241126D24704,04S103439669368
:61:241126D1592,66S103439670081
:61:241126D40530,83S103439670083
:61:241126D20067,53S103439670826
:61:241126D10016,78S103439671257
:61:241126D15207,96S103439671910
:61:241126D57335,80S103439672054
:61:241126D34829,97S103439672417
:61:241126D70000,00S103439672883
:61:241126D1596,92S103439672907
:61:241126D31653,58S103439681672
:61:241126D63307,17S103439682210
:61:241126D71537,10S103439682279
:62F:C241127BDT144993536,36
-}{5:{CHK:20F8E586325E}}                                                                                                                                           {1:F21AGBKBDDHA0995783856796}{4:{177:2411281254}{451:0}}{1:F01AGBKBDDHA0995783856796}{2:I950ALBISARIXXXXN}{4:
:20:AGBKPBNRTA0031
:25:7031
:28C:11/88
:60F:C241127BDT86808268,42
:61:241124D9083,87S103FT24329522285532
:61:241124D34493,30S103FT24329596288209
:61:241124D57171,22S103FT24329963411290
:61:241125D90000,00S103FT24330015190338
:61:241125D200000,00S103FT24330015273840
:61:241125D75435,14S103FT24330040448571
:61:241125D32016,26S103FT24330041783430
:61:241125D54789,00S103FT24330042548475
:61:241125D72258,92S103FT24330056851880
:61:241125D35033,67S103FT24330066061237
:61:241125D107038,50S103FT24330075155859
:61:241125D157857,95S103FT24330103031049
:61:241125D200101,64S103FT24330119866537
:61:241125D28585,61S103FT24330120086266
:61:241125D15436,23S103FT24330120711501
:61:241125D253697,43S103FT24330122114073
:61:241125D126413,42S103FT24330133097361
:61:241125D115000,00S103FT24330151794501
:61:241125D31222,20S103FT24330173402060
:61:241125D94492,44S103FT24330219480400
:61:241125D78611,36S103FT24330229572080
:61:241125D126095,79S103FT24330290616688
:61:241125D100000,00S103FT24330306527341
:61:241125D40000,00S103FT24330313201553
:61:241125D70000,00S103FT24330336441987
:61:241125D18422,06S103FT24330372217551
:61:241125D100050,82S103FT24330454098991
:61:241125D70670,81S103FT24330468541093
:62F:C241127BDT84414290,78
-}{5:{CHK:95E1C86AE689}}                                                                                                                                                {1:F21AGBKBDDHA0995783856797}{4:{177:2411281254}{451:0}}{1:F01AGBKBDDHA0995783856797}{2:I950ALBISARIXXXXN}{4:
:20:AGBKPBNRTA0031
:25:7031
:28C:11/89
:60F:C241127BDT84414290,78
:61:241125D100000,00S103FT24330518695000
:61:241125D99415,58S103FT24330520603956
:61:241125D36716,63S103FT24330520833854
:61:241125D316986,41S103FT24330593621490
:61:241125D313810,19S103FT24330594069033
:61:241125D75435,14S103FT24330603265577
:61:241125D100000,00S103FT24330603808269
:61:241125D316192,35S103FT24330608012819
:61:241125D100000,00S103FT24330710466282
:61:241125D51295,89S103FT24330743555261
:61:241125D50026,00S103FT24330789962608
:61:241125D78611,36S103FT24330818106012
:61:241125D4319,60S103FT24330848870427
:61:241125D75593,95S103FT24330875060502
:61:241125D28585,61S103FT24330927026855
:61:241125D62730,28S103FT24330940490550
:61:241125D50184,22S103FT24330961700507
:61:241125D25409,73S103FT24330985167785
:62F:C241127BDT82528977,84
-}{5:{CHK:101AB7772CD7}}                                              {1:F21AGBKBDDHA0995783856798}{4:{177:2411281255}{451:0}}{1:F01AGBKBDDHA0995783856798}{2:I950ARNBSARIXXXXN}{4:
:20:AGBKFXANB
:25:7030
:28C:11/46
:60F:C241126BDT9467858,08
:61:241126D100000,00S103241941022154
:61:241126D127617,00S103241951047916
:61:241126D1316,00S103242581015817
:61:241126D255780,00S103242831015556
:61:241126D143673,00S103242921057947
:61:241126D159731,00S103243591051659
:61:241126D31825,00S103243671018922
:61:241126D50000,00S103243801022896
:61:241126D72466,00S103243881039356
:61:241126D95504,00S103243891044990
:61:241126D73987,00S103243921049958
:61:241126D57257,00S103243931052581
:61:241126D160565,00S103243931052708
:61:241126D101276,00S103243971010022
:61:241126D33815,00S103244171015108
:61:241126D287893,00S103244181080881
:61:241126D5000,00S103244181080923
:61:241126D80000,00S103244281007328
:61:241126D250000,00S103244341017550
:61:241126D51889,81S103247082095722
:61:241126D108974,36S103247082098379
:61:241126D40320,00S103247082101066
:61:241126D92800,00S103247082101508
:61:241126D181435,40S103248771098962
:61:241126D3000,00S103248771099000
:62F:C241126BDT6901733,51
-}{5:{CHK:855AABF48A95}}                                                                                                                                                                                                                                                                                                                                                                                       {1:F21AGBKBDDHA0995783856799}{4:{177:2411281255}{451:0}}{1:F01AGBKBDDHA0995783856799}{2:I950ARNBSARIXXXXN}{4:
:20:AGBKFXANB
:25:7030
:28C:11/48
:60F:C241127BDT19601733,51
:61:241127D159795,00S103242831015591
:61:241127D47623,00S103242901024319
:61:241127D127005,00S103242931010204
:61:241127D246564,00S103242981010864
:61:241127D100000,00S103243971010113
:61:241127D45797,00S103243971010130
:61:241127D150096,00S103244181080969
:61:241127D44412,00S103244181080990
:61:241127D60178,00S103244181081086
:61:241127D106262,00S103244341017571
:61:241127D100000,00S103244721026196
:61:241127D65600,00S103247082094047
:61:241127D40000,00S103247082099438
:61:241127D16506,41S103247082101798
:61:241127D12343,70S103247082104099
:61:241127D153574,86S103247082104352
:61:241127D44501,44S103247082104612
:61:241127D206348,19S103247082105054
:61:241127D28708,13S103248771099162
:62F:C241127BDT17846418,78
-}{5:{CHK:BB66E98FD6D9}}                                                                                  {1:F21AGBKBDDHA0995783856800}{4:{177:2411281256}{451:0}}{1:F01AGBKBDDHA0995783856800}{2:I950EZYRGB2LXXXXN}{4:
:20:AGBKFRDBFC2021
:25:7102
:28C:11/558
:60F:C241127BDT389284514,92
:61:241127D400000,00S1031000135026837
:61:241127D23938,00S1031000137165267
:61:241127D22000,00S1031000137168617
:61:241127D85000,00S1031000137939043
:61:241127D225000,00S1031000137939639
:61:241127D45017,00S1031000137940049
:61:241127D92000,00S1031000137942553
:61:241127D400000,00S1031000137943902
:61:241127D150000,00S1031000137944003
:61:241127D97562,00S1031000137944638
:61:241127D74106,00S1031000137944917
:61:241127D50000,00S1031000137944942
:61:241127D30000,00S1031000137944990
:61:241127D50000,00S1031000137945192
:61:241127D500000,00S1031000137945227
:61:241127D50000,00S1031000137945238
:61:241127D80000,00S1031000137945261
:61:241127D498000,00S1031000137945276
:61:241127D495800,00S1031000137945304
:61:241127D46145,00S1031000137945464
:61:241127D487806,00S1031000137945611
:61:241127D500000,00S1031000137945628
:61:241127D25000,00S1031000137945879
:61:241127D293280,00S1031000137946429
:61:241127D500000,00S1031000137946430
:61:241127D335000,00S1031000137946554
:61:241127D105059,00S1031000137946559
:61:241127D487815,00S1031000137946578
:62F:C241127BDT383135986,92
-}{5:{CHK:D69CBCD1F614}}                                                                                                                                                                                                                            {1:F21AGBKBDDHA0995783856801}{4:{177:2411281256}{451:0}}{1:F01AGBKBDDHA0995783856801}{2:I950EZYRGB2LXXXXN}{4:
:20:AGBKFRDBFC2021
:25:7102
:28C:11/559
:60F:C241127BDT383135986,92
:61:241127D30550,00S1031000137946593
:61:241127D487815,00S1031000137946597
:61:241127D500000,00S1031000137946637
:61:241127D100000,00S1031000137946640
:61:241127D500000,00S1031000137946688
:61:241127D500000,00S1031000137946740
:61:241127D499000,00S1031000137946861
:61:241127D498000,00S1031000137946967
:61:241127D499999,00S1031000137946968
:61:241127D450000,00S1031000137946991
:61:241127D487810,00S1031000137947007
:61:241127D500000,00S1031000137947034
:61:241127D58723,00S1031000137947077
:61:241127D80000,00S1031000137947135
:61:241127D499999,00S1031000137947140
:61:241127D499998,00S1031000137947209
:61:241127D499000,00S1031000137947213
:61:241127D28906,00S1031000137947278
:61:241127D500000,00S1031000137947368
:61:241127D499123,00S1031000137947441
:61:241127D30028,00S1031000137947445
:61:241127D341464,00S1031000137947451
:61:241127D499996,00S1031000137947490
:61:241127D80000,00S1031000137947512
:61:241127D60000,00S1031000137947551
:61:241127D500000,00S1031000137947579
:61:241127D228000,00S1031000137947654
:61:241127D500000,00S1031000137947732
:62F:C241127BDT373177575,92
-}{5:{CHK:420370133E2C}}                                                                                                                                                                                                                     {1:F21AGBKBDDHA0995783856802}{4:{177:2411281256}{451:0}}{1:F01AGBKBDDHA0995783856802}{2:I950EZYRGB2LXXXXN}{4:
:20:AGBKFRDBFC2021
:25:7102
:28C:11/560
:60F:C241127BDT373177575,92
:61:241127D500000,00S1031000137947841
:61:241127D300000,00S1031000137947937
:61:241127D97576,00S1031000137947953
:61:241127D150011,00S1031000137947985
:61:241127D500000,00S1031000137948051
:61:241127D96065,00S1031000137948130
:61:241127D110000,00S1031000137948279
:61:241127D415680,00S1031000137948432
:61:241127D52479,00S1031000137948464
:61:241127D150000,00S1031000137948511
:61:241127D31169,00S1031000137948709
:61:241127D500000,00S1031000137949093
:61:241127D130903,84S1031000137949111
:61:241127D450000,00S1031000137949486
:61:241127D70020,00S1031000137949632
:61:241127D52000,00S1031000137950089
:61:241127D40000,00S1031000137950482
:61:241127D35000,00S1031000137950520
:61:241127D480000,00S1031000137950531
:61:241127D108545,00S1031000137950872
:61:241127D373745,00S1031000137950981
:61:241127D497000,00S1031000137951080
:61:241127D500000,00S1031000137951414
:61:241127D487810,00S1031000137951492
:61:241127D24000,00S1031000137951507
:61:241127D25015,00S1031000137951520
:61:241127D499990,00S1031000137951575
:61:241127D500000,00S1031000137951619
:62F:C241127BDT366000567,08
-}{5:{CHK:36709D2C2C4F}}                                                                                                                                                                                                                        {1:F21AGBKBDDHA0995783856803}{4:{177:2411281256}{451:0}}{1:F01AGBKBDDHA0995783856803}{2:I950EZYRGB2LXXXXN}{4:
:20:AGBKFRDBFC2021
:25:7102
:28C:11/561
:60F:C241127BDT366000567,08
:61:241127D270785,00S1031000137951624
:61:241127D25000,00S1031000137951646
:61:241127D500000,00S1031000137951654
:61:241127D499950,00S1031000137951674
:61:241127D500000,00S1031000137951689
:61:241127D487805,00S1031000137951754
:61:241127D77345,00S1031000137951809
:61:241127D20000,00S1031000137951888
:61:241127D400000,00S1031000137951952
:61:241127D500000,00S1031000137952087
:61:241127D100021,00S1031000137952110
:61:241127D498000,00S1031000137952126
:61:241127D50026,00S1031000137952139
:61:241127D407128,80S1031000137952148
:61:241127D499000,00S1031000137952152
:61:241127D500000,00S1031000137952157
:61:241127D55000,00S1031000137952171
:61:241127D498544,00S1031000137952221
:61:241127D500000,00S1031000137952222
:61:241127D499901,00S1031000137952232
:61:241127D36100,00S1031000137952307
:61:241127D35000,00S1031000137952399
:61:241127D108541,00S1031000137952418
:61:241127D100000,00S1031000137952487
:61:241127D500000,00S1031000137952520
:61:241127D500000,00S1031000137952564
:61:241127D54001,00S1031000137952580
:61:241127D200000,00S1031000137952615
:62F:C241127BDT357578419,28
-}{5:{CHK:DA199F55AE83}}                                                                                                                                                                                                                      {1:F21AGBKBDDHA0995783856804}{4:{177:2411281257}{451:0}}{1:F01AGBKBDDHA0995783856804}{2:I950EZYRGB2LXXXXN}{4:
:20:AGBKFRDBFC2021
:25:7102
:28C:11/562
:60F:C241127BDT357578419,28
:61:241127D100000,00S1031000137952655
:61:241127D341480,00S1031000137952726
:61:241127D60000,00S1031000137952777
:61:241127D50100,00S1031000137952822
:61:241127D47262,00S1031000137953031
:61:241127D50000,00S1031000137953201
:61:241127D20030,26S1031000137953225
:61:241127D30028,94S1031000137953310
:61:241127D500000,00S1031000137953384
:61:241127D487810,00S1031000137953411
:61:241127D60000,00S1031000137953524
:61:241127D499999,00S1031000137953559
:61:241127D63298,00S1031000137953560
:61:241127D248945,00S1031000137953579
:61:241127D500000,00S1031000137953602
:61:241127D70000,00S1031000137953742
:61:241127D59154,00S1031000137953777
:61:241127D499998,00S1031000137953801
:61:241127D20000,00S1031000137953815
:61:241127D499000,00S1031000137953906
:61:241127D85145,00S1031000137954233
:61:241127D490000,00S1031000137956152
:61:241127D500000,00S1031000137956319
:61:241127D20000,00S1031000137956372
:61:241127D500000,00S1031000137956914
:61:241127D60186,00S1031000137956937
:61:241127D500000,00S1031000137956967
:61:241127D499998,00S1031000137957003
:62F:C241127BDT350715985,08
-}{5:{CHK:91CABDEE93FC}}                                                                                                                                                                                                                            {1:F21AGBKBDDHA0995783856805}{4:{177:2411281257}{451:0}}{1:F01AGBKBDDHA0995783856805}{2:I950EZYRGB2LXXXXN}{4:
:20:AGBKFRDBFC2021
:25:7102
:28C:11/563
:60F:C241127BDT350715985,08
:61:241127D367505,00S1031000137957033
:61:241127D15800,00S1031000137957168
:61:241127D499000,00S1031000137957216
:61:241127D300000,00S1031000137957299
:61:241127D58540,00S1031000138033146
:61:241127D42046,00S1031000138056162
:61:241127D390218,78S1031000138056324
:61:241127D92000,00S1031000139000127
:61:241127D80000,00S1031000139000245
:61:241127D20000,00S1031000139000496
:61:241127D499999,00S1031000139001115
:61:241127D499998,00S1031000139001117
:61:241127D499998,00S1031000139001119
:61:241127D499998,00S1031000139001120
:61:241127D487805,00S1031000139001126
:61:241127D487810,00S1031000139001182
:61:241127D29590,00S1031000139001188
:61:241127D487805,00S1031000139001191
:61:241127D487805,00S1031000139001200
:61:241127D487805,00S1031000139001209
:61:241127D381909,60S1031000139001233
:61:241127D500000,00S1031000139001255
:61:241127D381591,06S1031000139001266
:61:241127D500000,00S1031000139001270
:61:241127D381272,50S1031000139001277
:61:241127D500000,00S1031000139001289
:61:241127D500000,00S1031000139001290
:61:241127D499999,00S1031000139001297
:62F:C241127BDT340737490,14
-}{5:{CHK:C872B2A6F0FE}}                                                                                                                                                                                                                     {1:F21AGBKBDDHA0995783856807}{4:{177:2411281257}{451:0}}{1:F01AGBKBDDHA0995783856807}{2:I950EZYRGB2LXXXXN}{4:
:20:AGBKFRDBFC2021
:25:7102
:28C:11/564
:60F:C241127BDT340737490,14
:61:241127D499993,00S1031000139001298
:61:241127D500000,00S1031000139001300
:61:241127D499997,00S1031000139001312
:61:241127D499991,00S1031000139001338
:61:241127D40742,00S1031000139001355
:61:241127D499996,00S1031000139001359
:61:241127D499992,00S1031000139001379
:61:241127D386050,00S1031000139001386
:61:241127D487805,00S1031000139001389
:61:241127D499994,00S1031000139001400
:61:241127D480341,00S1031000139001406
:61:241127D499995,00S1031000139001428
:61:241127D188880,00S1031000139001429
:61:241127D500000,00S1031000139001459
:61:241127D487000,00S1031000139001467
:61:241127D156105,00S1031000139001470
:61:241127D292715,60S1031000139001476
:61:241127D500000,00S1031000139001497
:61:241127D500000,00S1031000139001499
:61:241127D499999,00S1031000139001507
:61:241127D50000,00S1031000139001519
:61:241127D500000,00S1031000139001521
:61:241127D499999,00S1031000139001542
:61:241127D485854,00S1031000139001562
:61:241127D499998,00S1031000139001584
:61:241127D376872,00S1031000139001585
:61:241127D324252,06S1031000139001606
:61:241127D499998,00S1031000139001610
:62F:C241127BDT328980921,48
-}{5:{CHK:143A50B4A112}}                                                                                                                                                                                                                {1:F21AGBKBDDHA0995783856808}{4:{177:2411281257}{451:0}}{1:F01AGBKBDDHA0995783856808}{2:I950EZYRGB2LXXXXN}{4:
:20:AGBKFRDBFC2021
:25:7102
:28C:11/565
:60F:C241127BDT328980921,48
:61:241127D150000,00S1031000139001630
:61:241127D499997,00S1031000139001677
:61:241127D131720,00S1031000139001679
:61:241127D70021,00S1031000139001701
:61:241127D317721,78S1031000139001702
:61:241127D500000,00S1031000139001714
:61:241127D595200,00S1031000139001718
:61:241127D500000,00S1031000139001724
:61:241127D499998,00S1031000139001731
:61:241127D400000,00S1031000139001751
:61:241127D400000,00S1031000139001780
:61:241127D499998,00S1031000139001781
:61:241127D468295,00S1031000139001791
:61:241127D358975,00S1031000139001806
:61:241127D595200,00S1031000139001819
:61:241127D499855,00S1031000139001824
:61:241127D500000,00S1031000139001842
:61:241127D487805,00S1031000139001871
:61:241127D487813,00S1031000139001873
:61:241127D335537,00S1031000139001878
:61:241127D487815,00S1031000139001883
:61:241127D494677,00S1031000139001905
:61:241127D300000,00S1031000139001943
:61:241127D210000,00S1031000139001945
:61:241127D500000,00S1031000139002030
:61:241127D201611,00S1031000139002082
:61:241127D500000,00S1031000139002091
:61:241127D205000,00S1031000139002140
:62F:C241127BDT317783682,70
-}{5:{CHK:BB376B84D106}}                                                                                                                                                                                                               {1:F21AGBKBDDHA0995783856809}{4:{177:2411281258}{451:0}}{1:F01AGBKBDDHA0995783856809}{2:I950EZYRGB2LXXXXN}{4:
:20:AGBKFRDBFC2021
:25:7102
:28C:11/566
:60F:C241127BDT317783682,70
:61:241127D487810,00S1031000139002159
:61:241127D487805,00S1031000139002210
:61:241127D150000,00S1031000139002338
:61:241127D150086,00S1031000139002397
:61:241127D95180,00S1031000139002402
:61:241127D500000,00S1031000139002417
:61:241127D400000,00S1031000139002485
:61:241127D439030,00S1031000139002520
:61:241127D487840,00S1031000139002539
:61:241127D500000,00S1031000139002548
:61:241127D195130,00S1031000139002559
:61:241127D488000,00S1031000139002658
:61:241127D450000,00S1031000139002673
:61:241127D100000,00S1031000139002684
:61:241127D381591,00S1031000139002690
:61:241127D499000,00S1031000139002724
:61:241127D39577,00S1031000139002740
:61:241127D268300,00S1031000139002746
:61:241127D341470,00S1031000139002768
:61:241127D487811,00S1031000139002781
:61:241127D20000,00S1031000139002792
:61:241127D195125,00S1031000139002863
:61:241127D500000,00S1031000139002883
:61:241127D120000,00S1031000139002890
:61:241127D500000,00S1031000139002918
:61:241127D34150,00S1031000139002922
:61:241127D25006,18S1031000139002924
:61:241127D498500,00S1031000139003087
:62F:C241127BDT308942271,52
-}{5:{CHK:3C2C506E7B39}}                                                                                                                                                                                                                   {1:F21AGBKBDDHA0995783856810}{4:{177:2411281258}{451:0}}{1:F01AGBKBDDHA0995783856810}{2:I950EZYRGB2LXXXXN}{4:
:20:AGBKFRDBFC2021
:25:7102
:28C:11/567
:60F:C241127BDT308942271,52
:61:241127D48070,00S1031000139003104
:61:241127D400000,00S1031000139003107
:61:241127D29593,30S1031000139003206
:61:241127D529400,00S1031000139003217
:61:241127D499998,00S1031000139003265
:61:241127D104453,00S1031000139003300
:61:241127D50000,00S1031000139003357
:61:241127D477160,00S1031000139003388
:61:241127D28000,00S1031000139003507
:61:241127D51870,00S1031000139003515
:61:241127D487805,00S1031000139003538
:61:241127D487300,00S1031000139003540
:61:241127D483000,00S1031000139003556
:61:241127D487812,00S1031000139003563
:61:241127D283417,00S1031000139003822
:61:241127D500000,00S1031000139003854
:61:241127D500000,00S1031000139003895
:61:241127D500000,00S1031000139004013
:61:241127D40360,00S1031000139004057
:61:241127D487805,00S1031000139004178
:61:241127D485000,00S1031000139004187
:61:241127D397519,00S1031000139004233
:61:241127D87805,00S1031000139004486
:61:241127D485000,00S1031000139004567
:61:241127D485000,00S1031000139004663
:61:241127D30000,00S1031000139004735
:61:241127D120000,00S1031000139005025
:61:241127D63710,00S1031000139005440
:62F:C241127BDT300312194,22
-}{5:{CHK:B92ADDC710C1}}                                                                                                                                                                                                                       {1:F21AGBKBDDHA0995783856811}{4:{177:2411281258}{451:0}}{1:F01AGBKBDDHA0995783856811}{2:I950EZYRGB2LXXXXN}{4:
:20:AGBKFRDBFC2021
:25:7102
:28C:11/568
:60F:C241127BDT300312194,22
:61:241127D450170,00S1031000139006386
:61:241127D20000,00S1031000139006659
:61:241127D73883,00S1031000139006871
:61:241127D40000,00S1031000139006874
:61:241127D28005,00S1031000139006952
:61:241127D68295,00S1031000139007274
:61:241127D30000,00S1031000139007302
:61:241127D30000,00S1031000139007549
:61:241127D500000,00S1031000139007876
:61:241127D318000,00S1031000139007929
:61:241127D60000,00S1031000139008163
:61:241127D51900,00S1031000139008193
:61:241127D499849,00S1031000139008218
:61:241127D45860,00S1031000139008353
:61:241127D44286,00S1031000139008360
:61:241127D40000,00S1031000139008445
:61:241127D95000,00S1031000139008451
:61:241127D29270,00S1031000139008815
:61:241127D142701,00S1031000139008846
:61:241127D487805,00S1031000139008963
:61:241127D30000,00S1031000139009270
:61:241127D127440,00S1031000139009445
:61:241127D150000,00S1031000139009485
:61:241127D78060,00S1031000139009516
:61:241127D50000,00S1031000139009522
:61:241127D30000,00S1031000139009681
:61:241127D48785,00S1031000139009920
:61:241127D250000,00S1031000139009949
:62F:C241127BDT296492885,22
-}{5:{CHK:A903B96552DE}}                                                                                                                                                                                                                                 {1:F21AGBKBDDHA0995783856812}{4:{177:2411281300}{451:0}}{1:F01AGBKBDDHA0995783856812}{2:I950EZYRGB2LXXXXN}{4:
:20:AGBKFRDBFC2021
:25:7102
:28C:11/569
:60F:C241127BDT296492885,22
:61:241127D35000,00S1031000139010048
:61:241127D97561,00S1031000139010053
:61:241127D78980,00S1031000139010059
:61:241127D60000,00S1031000139010274
:61:241127D50000,00S1031000139010331
:61:241127D50000,00S1031000139010356
:61:241127D50000,00S1031000139010448
:61:241127D50090,00S1031000139010797
:61:241127D496350,00S1031000139010800
:61:241127D292700,00S1031000139010809
:61:241127D292685,00S1031000139010932
:61:241127D100000,00S1031000139011179
:61:241127D184120,00S1031000139011700
:61:241127D126772,00S1031000139011766
:61:241127D25000,00S1031000139011828
:61:241127D324506,00S1031000139012006
:61:241127D45000,00S1031000139012745
:61:241127D50000,00S1031000139013460
:61:241127D300000,00S1031000138985800
:61:241127D18022,00S1031000138987484
:61:241127D400000,00S1031000138988821
:61:241127D432950,00S1031000138988843
:61:241127D171465,00S1031000138988845
:61:241127D613500,00S1031000138989117
:61:241127D64000,00S1031000138989350
:61:241127D26140,00S1031000138989379
:61:241127D28946,00S1031000138989653
:61:241127D60000,00S1031000138989669
:62F:C241127BDT291969098,22
-}{5:{CHK:1CC6F2B67F1D}}                                                                                                                                                                                                                              {1:F21AGBKBDDHA0995783856813}{4:{177:2411281300}{451:0}}{1:F01AGBKBDDHA0995783856813}{2:I950EZYRGB2LXXXXN}{4:
:20:AGBKFRDBFC2021
:25:7102
:28C:11/570
:60F:C241127BDT291969098,22
:61:241127D43921,00S1031000138989672
:61:241127D90110,00S1031000138989673
:61:241127D70000,00S1031000138989701
:61:241127D34608,00S1031000138989703
:61:241127D295010,00S1031000138989726
:61:241127D55000,00S1031000138989729
:61:241127D20000,00S1031000138989739
:61:241127D200000,00S1031000138989743
:61:241127D8885,00S1031000138989755
:61:241127D470000,00S1031000138989758
:61:241127D43040,00S1031000138989776
:61:241127D167427,00S1031000138989782
:61:241127D50300,00S1031000138989792
:61:241127D200000,00S1031000138989800
:61:241127D100000,00S1031000138989802
:61:241127D100000,00S1031000138989804
:61:241127D10000,00S1031000138989807
:61:241127D83377,00S1031000138989855
:61:241127D50000,00S1031000138989856
:61:241127D300000,00S1031000138989862
:61:241127D200000,00S1031000138989874
:61:241127D85058,60S1031000138989877
:61:241127D20000,00S1031000138989899
:61:241127D160000,00S1031000138989903
:61:241127D203662,00S1031000138989909
:61:241127D100036,00S1031000138989915
:61:241127D267340,00S1031000138989926
:61:241127D283475,00S1031000138989939
:62F:C241127BDT288257848,62
-}{5:{CHK:A6CAD8CEE0B0}}                                                                                                                                                                                                                             {1:F21AGBKBDDHA0995783856814}{4:{177:2411281300}{451:0}}{1:F01AGBKBDDHA0995783856814}{2:I950EZYRGB2LXXXXN}{4:
:20:AGBKFRDBFC2021
:25:7102
:28C:11/571
:60F:C241127BDT288257848,62
:61:241127D140000,00S1031000138989940
:61:241127D86210,00S1031000138989966
:61:241127D25000,00S1031000138989968
:61:241127D40000,00S1031000138989970
:61:241127D53119,00S1031000138989976
:61:241127D100017,00S1031000138989984
:61:241127D100000,00S1031000138989995
:61:241127D50020,00S1031000138990004
:61:241127D20000,00S1031000138990007
:61:241127D129440,00S1031000138990015
:61:241127D185000,00S1031000138990024
:61:241127D50000,00S1031000138990051
:61:241127D51355,00S1031000138990054
:61:241127D500000,00S1031000138990056
:61:241127D250000,00S1031000138990089
:61:241127D400000,00S1031000138990110
:61:241127D97590,00S1031000138990128
:61:241127D300000,00S1031000138990145
:61:241127D35000,00S1031000138990156
:61:241127D500000,00S1031000138990161
:61:241127D60000,00S1031000138990169
:61:241127D15000,00S1031000138990183
:61:241127D68500,00S1031000138990203
:61:241127D200000,00S1031000138990211
:61:241127D50400,00S1031000138990212
:61:241127D535000,00S1031000138990214
:61:241127D200000,00S1031000138990218
:61:241127D167375,00S1031000138990219
:62F:C241127BDT283848822,62
-}{5:{CHK:5E153E373E09}}                                                                                                                                                                                                                            {1:F21AGBKBDDHA0995783081304}{4:{177:2411281300}{451:0}}{1:F01AGBKBDDHA0995783081304}{2:O1991000241128ALBISARIAXXX79957732222411281300N}{3:{108:E199241128AKOBKA}{433:/AOK/EXCLUDED}}{4:
:20:10006743.2024
:79:KINDLY EFFECT THE BELOW MENTIONED
TRANSFER WITH THE FOLLOWING DETAILS
VALUE DATE       28/11/2024
SETTLEMENT NO    00003
FILE NAME        10006743.20241128.00003.TXT
FILE HASH TOTAL            91,613.51
ITEM NO  CCY           AMOUNT
.
0000002  BDT               91,613.51
.
PLEASE BE INFORMED THAT WE ALREADY
CREDITED TO YOUR ACCOUNT WITH THE
ABOVE MENTIONED AMOUNT AND FOR ANY
DESCREPENCIES PLEASE CALL US AT
(0099661)4798916 OR SEND FAX TO
4798918 AND ATTENTION IT TO
SAMI AL-SWADI
HEAD OF REMITTANCES UNIT
THANKS AND REGARDS
BANK ALBILAD
RIYADH
-}{5:{MAC:00000000}{CHK:EBD6FAE698F5}}{S:{SAC:}{COP:P}}                                                                                                                                                                                             {1:F21AGBKBDDHA0995783856816}{4:{177:2411281300}{451:0}}{1:F01AGBKBDDHA0995783856816}{2:I950EZYRGB2LXXXXN}{4:
:20:AGBKFRDBFC2021
:25:7102
:28C:11/572
:60F:C241127BDT283848822,62
:61:241127D167375,00S1031000138990220
:61:241127D60000,00S1031000138990227
:61:241127D500000,00S1031000138990229
:61:241127D87000,00S1031000138990243
:61:241127D50000,00S1031000138990246
:61:241127D33360,00S1031000138990251
:61:241127D500000,00S1031000138990257
:61:241127D138878,00S1031000138990258
:61:241127D100170,00S1031000138990272
:61:241127D40020,00S1031000138990277
:61:241127D70000,00S1031000138990279
:61:241127D50000,00S1031000138990290
:61:241127D130000,00S1031000138990293
:61:241127D146000,00S1031000138990300
:61:241127D40032,00S1031000138990329
:61:241127D100000,00S1031000138990337
:61:241127D100170,00S1031000138990341
:61:241127D48781,00S1031000138990344
:61:241127D23000,00S1031000138990346
:61:241127D100000,00S1031000138990348
:61:241127D253159,00S1031000138990355
:61:241127D50000,00S1031000138990364
:61:241127D64526,58S1031000138990403
:61:241127D85000,00S1031000138990413
:61:241127D80670,00S1031000138990428
:61:241127D500000,00S1031000138990444
:61:241127D450000,00S1031000138990463
:61:241127D50000,00S1031000138990466
:62F:C241127BDT279830681,04
-}{5:{CHK:5871FEBE8B37}}                                                                                                                                                                                                                             {1:F21AGBKBDDHA0995783856817}{4:{177:2411281300}{451:0}}{1:F01AGBKBDDHA0995783856817}{2:I950EZYRGB2LXXXXN}{4:
:20:AGBKFRDBFC2021
:25:7102
:28C:11/573
:60F:C241127BDT279830681,04
:61:241127D19513,00S1031000138990468
:61:241127D33620,00S1031000138990472
:61:241127D23000,00S1031000138990480
:61:241127D54852,18S1031000138990481
:61:241127D43000,00S1031000138990482
:61:241127D30000,00S1031000138990483
:61:241127D100000,00S1031000138990490
:61:241127D125000,00S1031000138990514
:61:241127D134400,00S1031000138990523
:61:241127D39671,00S1031000138990525
:61:241127D25000,00S1031000138990540
:61:241127D247815,00S1031000138990566
:61:241127D510000,00S1031000138990583
:61:241127D177100,00S1031000138990596
:61:241127D150000,00S1031000138990613
:61:241127D70000,00S1031000138990616
:61:241127D300000,00S1031000138990625
:61:241127D32947,00S1031000138990635
:61:241127D50000,00S1031000138990636
:61:241127D50000,00S1031000138990642
:61:241127D300000,00S1031000138990660
:61:241127D194330,00S1031000138990665
:61:241127D66566,00S1031000138990668
:61:241127D60000,00S1031000138990675
:61:241127D50000,00S1031000138990683
:61:241127D50000,00S1031000138990685
:61:241127D56178,00S1031000138990690
:61:241127D300000,00S1031000138990693
:62F:C241127BDT276537688,86
-}{5:{CHK:4618CCCF193F}}                                                                                                                                                                                                                               {1:F21AGBKBDDHA0995783856818}{4:{177:2411281301}{451:0}}{1:F01AGBKBDDHA0995783856818}{2:I950EZYRGB2LXXXXN}{4:
:20:AGBKFRDBFC2021
:25:7102
:28C:11/574
:60F:C241127BDT276537688,86
:61:241127D116234,00S1031000138990713
:61:241127D160704,00S1031000138990714
:61:241127D100000,00S1031000138990720
:61:241127D30000,00S1031000138990722
:61:241127D35000,00S1031000138990743
:61:241127D500000,00S1031000138990762
:61:241127D70000,00S1031000138990764
:61:241127D100000,00S1031000138990765
:61:241127D190000,00S1031000138990766
:61:241127D50415,00S1031000138990773
:61:241127D58010,00S1031000138990774
:61:241127D20000,00S1031000138990775
:61:241127D110893,00S1031000138990796
:61:241127D30000,00S1031000138990801
:61:241127D840500,00S1031000138990802
:61:241127D40000,00S1031000138990824
:61:241127D300000,00S1031000138990825
:61:241127D200000,00S1031000138990843
:61:241127D487805,00S1031000138990844
:61:241127D450000,00S1031000138990845
:61:241127D35040,00S1031000138990852
:61:241127D487810,00S1031000138990858
:61:241127D195130,00S1031000138990871
:61:241127D100000,00S1031000138990875
:61:241127D95000,00S1031000138990884
:61:241127D166800,00S1031000138990893
:61:241127D50000,00S1031000138990897
:61:241127D48000,00S1031000138990913
:62F:C241127BDT271470347,86
-}{5:{CHK:4DCE228EBB4A}}                                                                                                                                                                                                                          {1:F21AGBKBDDHA0995783856819}{4:{177:2411281301}{451:0}}{1:F01AGBKBDDHA0995783856819}{2:I950EZYRGB2LXXXXN}{4:
:20:AGBKFRDBFC2021
:25:7102
:28C:11/575
:60F:C241127BDT271470347,86
:61:241127D150000,00S1031000138990922
:61:241127D400000,00S1031000138990926
:61:241127D200000,00S1031000138990936
:61:241127D165860,00S1031000138990938
:61:241127D110000,00S1031000138990941
:61:241127D66175,00S1031000138990952
:61:241127D47115,00S1031000138990959
:61:241127D80000,00S1031000138990980
:61:241127D400000,00S1031000138990984
:61:241127D100000,00S1031000138990988
:61:241127D30000,00S1031000138991007
:61:241127D341040,00S1031000138991015
:61:241127D18445,00S1031000138991023
:61:241127D77280,00S1031000138991064
:61:241127D50000,00S1031000138991065
:61:241127D533700,00S1031000138991083
:61:241127D20000,00S1031000138991108
:61:241127D100000,00S1031000138991110
:61:241127D100000,00S1031000138991124
:61:241127D287000,00S1031000138991134
:61:241127D60000,00S1031000138991164
:61:241127D30015,00S1031000138991175
:61:241127D500000,00S1031000138991176
:61:241127D35461,81S1031000138991187
:61:241127D100000,00S1031000138991193
:61:241127D132914,00S1031000138991196
:61:241127D406380,00S1031000138991208
:61:241127D20000,00S1031000138991213
:62F:C241127BDT266908962,05
-}{5:{CHK:FBF87447CF08}}                                                                                                                                                                                                                          {1:F21AGBKBDDHA0995783856820}{4:{177:2411281301}{451:0}}{1:F01AGBKBDDHA0995783856820}{2:I950EZYRGB2LXXXXN}{4:
:20:AGBKFRDBFC2021
:25:7102
:28C:11/576
:60F:C241127BDT266908962,05
:61:241127D100000,00S1031000138991222
:61:241127D200000,00S1031000138991224
:61:241127D50000,00S1031000138991257
:61:241127D55000,00S1031000138991264
:61:241127D36288,00S1031000138991286
:61:241127D50000,00S1031000138991304
:61:241127D73280,00S1031000138991317
:61:241127D205000,00S1031000138991331
:61:241127D150000,00S1031000138991332
:61:241127D50000,00S1031000138991338
:61:241127D40000,00S1031000138991367
:61:241127D39149,00S1031000138991371
:61:241127D50003,27S1031000138991425
:61:241127D60000,00S1031000138991433
:61:241127D63050,00S1031000138991435
:61:241127D152210,00S1031000138991437
:61:241127D100000,00S1031000138991459
:61:241127D150000,00S1031000138991463
:61:241127D31190,00S1031000138991506
:61:241127D42583,00S1031000138991531
:61:241127D100000,00S1031000138991541
:61:241127D120069,00S1031000138991553
:61:241127D40000,00S1031000138991562
:61:241127D100000,00S1031000138991570
:61:241127D16133,00S1031000138991579
:61:241127D672400,00S1031000138991593
:61:241127D66230,00S1031000138991600
:61:241127D436388,00S1031000138991612
:62F:C241127BDT263659988,78
-}{5:{CHK:CE4EE863D17E}}                                                                                                                                                                                                                              {1:F21AGBKBDDHA0995783856821}{4:{177:2411281302}{451:0}}{1:F01AGBKBDDHA0995783856821}{2:I950EZYRGB2LXXXXN}{4:
:20:AGBKFRDBFC2021
:25:7102
:28C:11/577
:60F:C241127BDT263659988,78
:61:241127D68300,00S1031000138991615
:61:241127D126840,00S1031000138991639
:61:241127D90020,00S1031000138991658
:61:241127D80000,00S1031000138991689
:61:241127D20000,00S1031000138991704
:61:241127D150000,00S1031000138991738
:61:241127D195175,00S1031000138991744
:61:241127D21000,00S1031000138991745
:61:241127D35000,00S1031000138991763
:61:241127D40000,00S1031000138991764
:61:241127D50000,00S1031000138991769
:61:241127D48070,00S1031000138991774
:61:241127D70000,00S1031000138991783
:61:241127D100020,00S1031000138991822
:61:241127D234604,00S1031000138991833
:61:241127D333810,00S1031000138991843
:61:241127D40000,00S1031000138991864
:61:241127D157014,00S1031000138991914
:61:241127D202680,00S1031000138991949
:61:241127D300500,00S1031000138991952
:61:241127D49760,00S1031000138991953
:61:241127D40360,00S1031000138991959
:61:241127D50250,00S1031000138992003
:61:241127D334930,00S1031000138992011
:61:241127D100000,00S1031000138992020
:61:241127D100000,00S1031000138992022
:61:241127D50002,68S1031000138992055
:61:241127D100170,00S1031000138992065
:62F:C241127BDT260471483,10
-}{5:{CHK:7338A86E0385}}                                                                                                                                                                                                                             {1:F21AGBKBDDHA0995783856822}{4:{177:2411281302}{451:0}}{1:F01AGBKBDDHA0995783856822}{2:I950EZYRGB2LXXXXN}{4:
:20:AGBKFRDBFC2021
:25:7102
:28C:11/578
:60F:C241127BDT260471483,10
:61:241127D335528,00S1031000138992078
:61:241127D115620,00S1031000138992099
:61:241127D219130,00S1031000138992107
:61:241127D60000,00S1031000138992139
:61:241127D200000,00S1031000138992152
:61:241127D42000,00S1031000138992171
:61:241127D125000,00S1031000138992177
:61:241127D3358,00S1031000138992207
:61:241127D26000,00S1031000138992214
:61:241127D499000,00S1031000138992243
:61:241127D100000,00S1031000138992300
:61:241127D65000,00S1031000138992373
:61:241127D500000,00S1031000138992410
:61:241127D100000,00S1031000138992420
:61:241127D31537,00S103148213091068
:61:241127D10000,00S103156148471377
:61:241127D124216,00S103157847276149
:61:241127D35000,00S103177632893564
:61:241127D30000,00S103281959745198
:61:241127D25000,00S103571005076874
:61:241127D29085,00S103732296259405
:61:241127D35000,00S103829552999098
:61:241127D20000,00S103928241252570
:62F:C241127BDT257741009,10
-}{5:{CHK:E989AECA5A6B}}                                                                                                                                                                                                                                                                                                                                                                                                                                        {1:F21AGBKBDDHA0995783856823}{4:{177:2411281303}{451:0}}{1:F01AGBKBDDHA0995783856823}{2:I950NCBKSAJEXXXXN}{4:
:20:FRGII/ST/241127
:25:NRT7055
:28C:11/241
:60F:C241127BDT78698087,99
:61:241127D11084,40S103QPAY610243143892
:61:241127D6337,99S103QPAY610243270795
:61:241127D2585,90S103QPAY610243292872
:61:241127D70719,34S103QPAY610243294784
:61:241127D44363,55S103QPAY610243302328
:61:241127D31102,70S103QPAY610243305405
:61:241127D19011,43S103QPAY610243305644
:61:241127D40671,79S103QPAY610243305960
:61:241127D27490,53S103QPAY610243306005
:61:241127D37439,85S103QPAY610243306026
:61:241127D10000,00S103QPAY610243306105
:61:241127D158428,60S103QPAY610243306110
:61:241127D15842,86S103QPAY610243306161
:61:241127D31102,70S103QPAY610243310011
:61:241127D15259,84S103QPAY610243310150
:61:241127D300431,30S103QPAY610243310178
:61:241127D5754,13S103QPAY610243310418
:61:241127D2585,22S103QPAY610243310516
:61:241127D100798,08S103QPAY610243310520
:61:241127D37434,94S103QPAY610243310539
:61:241127D5753,37S103QPAY610243310679
:61:241127D35122,19S103QPAY610243310707
:61:241127D221188,03S103QPAY610243310713
:61:241127D20000,00S103QPAY610243310773
:61:241127D85540,23S103QPAY610243310927
:61:241127D14256,71S103QPAY610243310937
:61:241127D72886,61S103QPAY610243310974
:61:241127D1000000,00S103QPAY610243310975
:62F:C241127BDT76274895,70
-}{5:{CHK:538AC52471B3}}                                                                                                                                                   {1:F21AGBKBDDHA0995783856824}{4:{177:2411281304}{451:0}}{1:F01AGBKBDDHA0995783856824}{2:I950NCBKSAJEXXXXN}{4:
:20:FRGII/ST/241127
:25:NRT7055
:28C:11/242
:60F:C241127BDT76274895,70
:61:241127D5816,74S103QPAY610243311017
:61:241127D2585,22S103QPAY610243311051
:61:241127D2585,22S103QPAY610243311061
:61:241127D2585,22S103QPAY610243311124
:61:241127D129406,53S103QPAY610243311159
:61:241127D13673,76S103QPAY610243311174
:61:241127D15257,84S103QPAY610243311207
:61:241127D2585,22S103QPAY610243311267
:61:241127D2585,22S103QPAY610243311333
:61:241127D18426,00S103QPAY610243311340
:61:241127D53275,72S103QPAY610243311387
:61:241127D2585,22S103QPAY610243311462
:61:241127D2585,22S103QPAY610243311464
:61:241127D70700,59S103QPAY610243311589
:61:241127D53275,72S103QPAY610243311626
:61:241127D100000,00S103QPAY610243311724
:61:241127D148312,38S103QPAY610243311730
:61:241127D4169,07S103QPAY610243311739
:61:241127D5753,06S103QPAY610243311894
:61:241127D40600,89S103QPAY610243311896
:61:241127D56440,81S103QPAY610243312050
:61:241127D2901,87S103QPAY610243312101
:61:241127D6335,97S103QPAY610243312166
:61:241127D45352,87S103QPAY610243312218
:61:241127D2584,80S103QPAY610243312389
:61:241127D100757,83S103QPAY610243312468
:61:241127D85506,08S103QPAY610243312475
:61:241127D22155,58S103QPAY610243312537
:62F:C241127BDT75276095,05
-}{5:{CHK:DFE09038D3ED}}                                                                                                                                                             {1:F21AGBKBDDHA0995783856825}{4:{177:2411281304}{451:0}}{1:F01AGBKBDDHA0995783856825}{2:I950NCBKSAJEXXXXN}{4:
:20:FRGII/ST/241127
:25:NRT7055
:28C:11/243
:60F:C241127BDT75276095,05
:61:241127D2584,18S103QPAY610243312628
:61:241127D100000,00S103QPAY610243312757
:61:241127D100000,00S103QPAY610243312768
:61:241127D5751,08S103QPAY610243312848
:61:241127D46920,67S103QPAY610243312876
:61:241127D2584,18S103QPAY610243312965
:61:241127D50000,00S103QPAY610243312968
:61:241127D15834,46S103QPAY610243313016
:61:241127D51671,01S103QPAY610243313363
:61:241127D157761,88S103QPAY610243313378
:61:241127D50087,56S103QPAY610243313400
:61:241127D31086,21S103QPAY610243313416
:61:241127D24752,43S103QPAY610243313442
:61:241127D100000,00S103QPAY610243313476
:61:241127D2584,18S103QPAY610243313574
:61:241127D5751,08S103QPAY610243313609
:61:241127D31086,21S103QPAY610243313636
:61:241127D6333,78S103QPAY610243313735
:61:241127D1850,00S103QPAY610243313764
:61:241127D2584,18S103QPAY610243313848
:61:241127D102341,28S103QPAY610243313973
:61:241127D53254,45S103QPAY610243314027
:61:241127D6175,44S103QPAY610243314364
:61:241127D9551,35S103QPAY610243314470
:61:241127D3166,89S103QPAY610243314512
:61:241127D69088,91S103QPAY610243314546
:61:241127D126092,97S103QPAY610243314553
:61:241127D40586,89S103QPAY610243314585
:62F:C241127BDT74076613,78
-}{5:{CHK:7E93AEC6BC12}}                                                                                                                                                         {1:F21AGBKBDDHA0995783856826}{4:{177:2411281305}{451:0}}{1:F01AGBKBDDHA0995783856826}{2:I950NCBKSAJEXXXXN}{4:
:20:FRGII/ST/241127
:25:NRT7055
:28C:11/244
:60F:C241127BDT74076613,78
:61:241127D2584,18S103QPAY610243314665
:61:241127D43753,78S103QPAY610243314754
:61:241127D83339,93S103QPAY610243314849
:61:241127D284437,56S103QPAY610243315031
:61:241127D65288,64S103QPAY610243315081
:61:241127D46920,67S103QPAY610243315156
:61:241127D2584,18S103QPAY610243315162
:61:241127D2584,18S103QPAY610243315164
:61:241127D8917,97S103QPAY610243315303
:61:241127D35836,55S103QPAY610243315420
:61:241127D271770,00S103QPAY610243315453
:61:241127D2584,18S103QPAY610243315588
:61:241127D8917,97S103QPAY610243315596
:61:241127D130843,30S103QPAY610243315619
:61:241127D30927,87S103QPAY610243315727
:61:241127D150000,00S103QPAY610243315794
:61:241127D34253,10S103QPAY610243315819
:61:241127D5751,08S103QPAY610243315842
:61:241127D110258,51S103QPAY610243316059
:61:241127D62755,13S103QPAY610243316253
:61:241127D88090,26S103QPAY610243316263
:61:241127D115160,86S103QPAY641243310025
:61:241127D100757,83S103QPAY648243310033
:61:241127D2584,18S103QPAY823243310032
:61:241127D4169,84S103QPAY828243310200
:61:241127D25031,72S103QPAY828243310897
:61:241127D30101,43S103QPAY828243310998
:61:241127D142585,73S103QPAY828243311086
:62F:C241127BDT72183823,15
-}{5:{CHK:484F400D6A0B}}                                                                                                                                                     {1:F21AGBKBDDHA0995783856827}{4:{177:2411281305}{451:0}}{1:F01AGBKBDDHA0995783856827}{2:I950NCBKSAJEXXXXN}{4:
:20:FRGII/ST/241127
:25:NRT7055
:28C:11/245
:60F:C241127BDT72183823,15
:61:241127D28000,00S103QPAY828243311360
:61:241127D50697,15S103QPAY828243311544
:61:241127D30000,00S103QPAY828243311830
:61:241127D30101,43S103QPAY828243311859
:61:241127D50000,00S103QPAY828243312398
:61:241127D10139,43S103QPAY828243312595
:61:241127D33500,00S103QPAY828243312776
:61:241127D3168,57S103QPAY828243312813
:61:241127D60202,87S103QPAY828243312947
:61:241127D31685,72S103QPAY828243312948
:61:241127D6336,31S103QPAY828243313226
:61:241127D31681,57S103QPAY828243313544
:61:241127D126726,27S103QPAY828243314150
:61:241127D50107,57S103QPAY828243315241
:61:241127D38000,00S103QPAY828243315279
:61:241127D91293,60S103QPAY828243315331
:61:241127D25123,48S103QPAY828243315345
:61:241127D46936,86S103QPAY828243315586
:61:241127D5753,06S103QPAY828243315717
:61:241127D3167,98S103QPAY828243316210
:61:241127D5004,89S103QPAY828243316531
:61:241127D2584,18S103QPAY828243316755
:61:241127D5700,41S103QPAY828243316795
:61:241127D98173,65S103QPAY828243317004
:61:241127D20000,00S103QPAY828243317020
:61:241127D90256,42S103QPAY828243317276
:61:241127D2584,18S103QPAY828243317314
:61:241127D20000,00S103QPAY828243317384
:62F:C241127BDT71186897,55
-}{5:{CHK:0025DA652925}}                                                                                                                                                           {1:F21AGBKBDDHA0995783856828}{4:{177:2411281306}{451:0}}{1:F01AGBKBDDHA0995783856828}{2:I950NCBKSAJEXXXXN}{4:
:20:FRGII/ST/241127
:25:NRT7055
:28C:11/246
:60F:C241127BDT71186897,55
:61:241127D15251,75S103QPAY828243317896
:61:241127D100000,00S103QPAY828243318405
:61:241127D43000,00S103QPAY828243318511
:61:241127D5100,00S103QPAY828243318543
:61:241127D19318,04S103QPAY828243319542
:61:241127D10355,74S103QPAY828243319553
:61:241127D26918,58S103QPAY828243319656
:61:241127D173545,67S103QPAY828243319971
:61:241127D37420,83S103QPAY829243304098
:61:241127D157845,58S103QPAY829243304531
:61:241127D9505,72S103QPAY829243304541
:61:241127D31102,70S103QPAY829243304562
:61:241127D5703,43S103QPAY829243304779
:61:241127D17000,00S103QPAY829243304841
:61:241127D80164,87S103QPAY829243305059
:61:241127D52000,00S103QPAY829243310195
:61:241127D2000,00S103QPAY829243310885
:61:241127D25000,00S103QPAY829243310979
:61:241127D61646,72S103QPAY829243311090
:61:241127D30000,00S103QPAY829243311213
:61:241127D5751,08S103QPAY829243311277
:61:241127D47503,38S103QPAY829243311826
:61:241127D30000,00S103QPAY829243311868
:61:241127D22168,24S103QPAY829243312008
:61:241127D50000,00S103QPAY829243312017
:61:241127D50000,00S103QPAY829243312460
:61:241127D126675,67S103QPAY829243312537
:61:241127D95006,76S103QPAY829243312650
:62F:C241127BDT69856912,79
-}{5:{CHK:7CE05053E98E}}                                                                                                                                                     {1:F21AGBKBDDHA0995783856829}{4:{177:2411281306}{451:0}}{1:F01AGBKBDDHA0995783856829}{2:I950NCBKSAJEXXXXN}{4:
:20:FRGII/ST/241127
:25:NRT7055
:28C:11/247
:60F:C241127BDT69856912,79
:61:241127D104507,43S103QPAY829243313067
:61:241127D58000,00S103QPAY829243313165
:61:241127D20584,80S103QPAY829243313301
:61:241127D31668,92S103QPAY829243313799
:61:241127D100757,83S103QPAY880243310078
:62F:C241127BDT69541393,81
-}{5:{CHK:7F50AA96983F}}                                                                 {1:F21AGBKBDDHA0995783081315}{4:{177:2411281336}{451:0}}{1:F01AGBKBDDHA0995783081315}{2:O1031036241128ALBISARIAXXX79957736202411281336N}{3:{108:E103241128AKOC18}{121:84f1cedd-f441-4079-b095-e9efa2c008c9}{433:/AOK/NO HIT DETECTED}}{4:
:20:FT24333427336346
:23B:CRED
:32A:241128BDT39702,23
:50K:/SA4815000443123856690005
MUSAAD ALI ALANAZI
RIYADH-Saudi Arabia
DOB 1990 MAR 26- POB KW
:52A:ALBISARI
:57A:AGBKBDDH026
:59:/0200017689953
SHEFALI KHATUN
:70:HOUSE LABOR TRANSFER
SELARY
:71A:SHA
-}{5:{MAC:00000000}{CHK:08854A491CF9}}{S:{SAC:}{COP:P}}                                                                                                                                                                                                                                                                                                                                                                                                                                                                                {1:F21AGBKBDDHA0995783081321}{4:{177:2411281353}{451:0}}{1:F01AGBKBDDHA0995783081321}{2:O1031053241128ALBISARIAXXX79957738332411281353N}{3:{108:E103241128AKOC9R}{121:ebd2a93c-d3be-427d-9708-bff12bf0be0a}{433:/AOK/NO HIT DETECTED}}{4:
:20:FT24333851001056
:23B:CRED
:32A:241128BDT39702,23
:50K:/SA6215000742541510160004
BANDAR ALI ALZAHRANI
dammam-Saudi Arabia
DOB 1983 APR 13- POB SA
:52A:ALBISARI
:57A:AGBKBDDH033
:59:/0200019477030
ABDUR RAHIM BISWAS
:70:SETTLEMENT OF BILLS
NOV SALARY
:71A:SHA
-}{5:{MAC:00000000}{CHK:C12E8CF41368}}{S:{SAC:}{COP:P}}                                                                                                                                                                                                                                                                                                                                                                                                                                                                       {1:F21AGBKBDDHA0995783081323}{4:{177:2411281401}{451:0}}{1:F01AGBKBDDHA0995783081323}{2:O1991101241128ALBISARIAXXX79957738962411281401N}{3:{108:E199241128AKOCII}{433:/AOK/EXCLUDED}}{4:
:20:10006743.2024
:79:KINDLY EFFECT THE BELOW MENTIONED
TRANSFER WITH THE FOLLOWING DETAILS
VALUE DATE       28/11/2024
SETTLEMENT NO    00004
FILE NAME        10006743.20241128.00004.TXT
FILE HASH TOTAL         1,402,452.22
ITEM NO  CCY           AMOUNT
.
0000015  BDT            1,402,452.22
.
PLEASE BE INFORMED THAT WE ALREADY
CREDITED TO YOUR ACCOUNT WITH THE
ABOVE MENTIONED AMOUNT AND FOR ANY
DESCREPENCIES PLEASE CALL US AT
(0099661)4798916 OR SEND FAX TO
4798918 AND ATTENTION IT TO
SAMI AL-SWADI
HEAD OF REMITTANCES UNIT
THANKS AND REGARDS
BANK ALBILAD
RIYADH
-}{5:{MAC:00000000}{CHK:BD4DF3FAE0C9}}{S:{SAC:}{COP:P}}                                                                                                                                                                                             