{1:F21AGBKBDDHA0995759069123}{4:{177:2410271101}{451:0}}{1:F01AGBKBDDHA0995759069123}{2:O1990801241027ALBISARIAXXX79576679012410271101N}{3:{108:E199241027AKC2Z3}{433:/AOK/EXCLUDED}}{4:
:20:10006743.2024
:79:KINDLY EFFECT THE BELOW MENTIONED
TRANSFER WITH THE FOLLOWING DETAILS
VALUE DATE       27/10/2024
SETTLEMENT NO    00001
FILE NAME        10006743.20241027.00001.TXT
FILE HASH TOTAL           411,251.61
ITEM NO  CCY           AMOUNT
.
0000010  BDT              411,251.61
.
PLEASE BE INFORMED THAT WE ALREADY
CREDITED TO YOUR ACCOUNT WITH THE
ABOVE MENTIONED AMOUNT AND FOR ANY
DESCREPENCIES PLEASE CALL US AT
(0099661)4798916 OR SEND FAX TO
4798918 AND ATTENTION IT TO
SAMI AL-SWADI
HEAD OF REMITTANCES UNIT
THANKS AND REGARDS
BANK ALBILAD
RIYADH
-}{5:{MAC:00000000}{CHK:B41C2B5ED8F8}}{S:{SAC:}{COP:P}}                                                                                                                                                                                             {1:F21AGBKBDDHA0995759069138}{4:{177:2410271201}{451:0}}{1:F01AGBKBDDHA0995759069138}{2:O1990901241027ALBISARIAXXX79576682002410271201N}{3:{108:E199241027AKC3S2}{433:/AOK/EXCLUDED}}{4:
:20:10006743.2024
:79:KINDLY EFFECT THE BELOW MENTIONED
TRANSFER WITH THE FOLLOWING DETAILS
VALUE DATE       27/10/2024
SETTLEMENT NO    00002
FILE NAME        10006743.20241027.00002.TXT
FILE HASH TOTAL            38,500.00
ITEM NO  CCY           AMOUNT
.
0000001  BDT               38,500.00
.
PLEASE BE INFORMED THAT WE ALREADY
CREDITED TO YOUR ACCOUNT WITH THE
ABOVE MENTIONED AMOUNT AND FOR ANY
DESCREPENCIES PLEASE CALL US AT
(0099661)4798916 OR SEND FAX TO
4798918 AND ATTENTION IT TO
SAMI AL-SWADI
HEAD OF REMITTANCES UNIT
THANKS AND REGARDS
BANK ALBILAD
RIYADH
-}{5:{MAC:00000000}{CHK:375A7BE7F889}}{S:{SAC:}{COP:P}}                                                                                                                                                                                             {1:F21AGBKBDDHA0995759069140}{4:{177:2410271301}{451:0}}{1:F01AGBKBDDHA0995759069140}{2:O1991001241027ALBISARIAXXX79576684442410271301N}{3:{108:E199241027AKC4K2}{433:/AOK/EXCLUDED}}{4:
:20:10006743.2024
:79:KINDLY EFFECT THE BELOW MENTIONED
TRANSFER WITH THE FOLLOWING DETAILS
VALUE DATE       27/10/2024
SETTLEMENT NO    00003
FILE NAME        10006743.20241027.00003.TXT
FILE HASH TOTAL         1,156,166.53
ITEM NO  CCY           AMOUNT
.
0000011  BDT            1,156,166.53
.
PLEASE BE INFORMED THAT WE ALREADY
CREDITED TO YOUR ACCOUNT WITH THE
ABOVE MENTIONED AMOUNT AND FOR ANY
DESCREPENCIES PLEASE CALL US AT
(0099661)4798916 OR SEND FAX TO
4798918 AND ATTENTION IT TO
SAMI AL-SWADI
HEAD OF REMITTANCES UNIT
THANKS AND REGARDS
BANK ALBILAD
RIYADH
-}{5:{MAC:00000000}{CHK:E09A3D7998D4}}{S:{SAC:}{COP:P}}                                                                                                                                                                                             {1:F21AGBKBDDHA0995759847232}{4:{177:2410271305}{451:0}}{1:F01AGBKBDDHA0995759847232}{2:I940SIBCSARIXXXXN}{4:
:20:AGBKFRDNRT7086
:25:7086
:28C:10/28
:60F:C241024BDT20500205,41
:61:2410221027D140000,00S103 FTN25010117 
:61:2410221027D37746,76S103 FTN25010172 
:61:2410241027D2223,20S103 FTN25010229 
:61:2410221027D3176,00S103 FTN25010310 
:61:2410221027D34570,76S103 FTN25010583 
:61:2410221027D450000,00S103 FTN25010650 
:61:2410221027D47640,00S103 FTN25010821 
:61:2410221027D4118,40S103 FTN25011043 
:61:2410221027D34570,76S103 FTN25011075 
:61:2410231027D32395,20S103 FTN25011435 
:61:2410231027D41961,31S103 FTN25012138 
:61:2410231027D60344,00S103FTN25010517
:61:2410241027C10000000,00S910FUNDRECEIVED
:62F:C241024BDT29611459,02
-}{5:{CHK:491F11D7136C}}                                                                                                                                                                                                                                                    {1:F21AGBKBDDHA0995759847233}{4:{177:2410271306}{451:0}}{1:F01AGBKBDDHA0995759847233}{2:I950NCBKSAJEXXXXN}{4:
:20:FRGII/ST/241027
:25:NRT7055
:28C:10/249
:60F:C241024BDT36258728,36
:61:241024C50000000,00S910FUNDRECEIVED
:62M:C241024BDT86258728,36
-}{5:{CHK:638B4456E660}}                                                                                                                                                                                                                                        {1:F21AGBKBDDHA0995759847234}{4:{177:2410271306}{451:0}}{1:F01AGBKBDDHA0995759847234}{2:I950EZYRGB2LXXXXN}{4:
:20:AGBKFRDBFC2024
:25:7102
:28C:10/325
:60F:C241024BDT432279006,76
:61:241023C428400000,00S910FUNDRECEIVED
:61:241023C244800000,00S910FUNDRECEIVED
:62F:C241024BDT1105479006,76
-}{5:{CHK:32172A07E64F}}                                                                                                                                                                                               {1:F21AGBKBDDHA0995759847235}{4:{177:2410271307}{451:0}}{1:F01AGBKBDDHA0995759847235}{2:I950ARNBSARIXXXXN}{4:
:20:AGBKFXANB
:25:7030
:28C:10/47
:60F:C241024BDT9012376,30
:61:241024C6535000,00S910FUNDRECEIVED
:62M:C241024BDT15547376,30
-}{5:{CHK:BDD8DFA145E8}}                                                                                                                                                                                                                                                    {1:F21AGBKBDDHA0995759847236}{4:{177:2410271307}{451:0}}{1:F01AGBKBDDHA0995759847236}{2:I950ALBISARIXXXXN}{4:
:20:AGBKPBNRTA0031
:25:7031
:28C:10/96
:60F:C241024BDT78364508,83
:61:241024C12000000,00S910FUNDRECEIVED
:61:241002C15385,00S103FT24276302713404
:62M:C241024BDT90379893,83
-}{5:{CHK:CE2A524F527A}}                                                                                                                                                                                                    {1:F21AGBKBDDHA0995759847237}{4:{177:2410271308}{451:0}}{1:F01AGBKBDDHA0995759847237}{2:I950RJHISARIXXXXN}{4:
:20:AGBKFRCDNRTA7009
:25:7009
:28C:10/263
:60F:C241024BDT47074408,67
:61:241024C131000000,00S910FUNDRECEIVED
:62M:C241024BDT178074408,67
-}{5:{CHK:5A71758ED8AE}}                                                                                                                                                                                                                                        {1:F21AGBKBDDHA0995759069147}{4:{177:2410271401}{451:0}}{1:F01AGBKBDDHA0995759069147}{2:O1991101241027ALBISARIAXXX79576692572410271401N}{3:{108:E199241027AKC63O}{433:/AOK/EXCLUDED}}{4:
:20:10006743.2024
:79:KINDLY EFFECT THE BELOW MENTIONED
TRANSFER WITH THE FOLLOWING DETAILS
VALUE DATE       27/10/2024
SETTLEMENT NO    00004
FILE NAME        10006743.20241027.00004.TXT
FILE HASH TOTAL           980,894.91
ITEM NO  CCY           AMOUNT
.
0000014  BDT              980,894.91
.
PLEASE BE INFORMED THAT WE ALREADY
CREDITED TO YOUR ACCOUNT WITH THE
ABOVE MENTIONED AMOUNT AND FOR ANY
DESCREPENCIES PLEASE CALL US AT
(0099661)4798916 OR SEND FAX TO
4798918 AND ATTENTION IT TO
SAMI AL-SWADI
HEAD OF REMITTANCES UNIT
THANKS AND REGARDS
BANK ALBILAD
RIYADH
-}{5:{MAC:00000000}{CHK:3633DF8980CE}}{S:{SAC:}{COP:P}}                                                                                                                                                                                             {1:F21AGBKBDDHA0995759847266}{4:{177:2410271454}{451:0}}{1:F01AGBKBDDHA0995759847266}{2:I950RJHISARIXXXXN}{4:
:20:AGBKFRCDNRTA7009
:25:7009
:28C:10/264
:60F:C241024BDT178074408,67
:61:241024D173511,38S103111111944503740
:61:241024D22021,46S103111111944548408
:61:241023D126992,20S103111111944756263
:61:241023D44163,52S103111111944797636
:61:241023D412103,38S103111111944808706
:61:241023D49000,00S103111111945318639
:61:241023D43146,62S103111111945439693
:61:241023D299476,30S103437293575
:61:241023D217205,66S103437298455
:61:241023D157084,77S103437299459
:61:241023D138890,30S103437299676
:61:241023D138099,23S103437303467
:61:241023D157087,94S103437307504
:61:241023D49995,25S103437307977
:61:241023D3167,76S103437309835
:61:241023D18626,46S103437310365
:61:241023D100000,00S103437310527
:61:241023D53376,84S103437310939
:61:241023D23758,24S103437311649
:61:241023D100528,43S103437313536
:61:241023D31642,57S103437315995
:61:241023D62810,49S103437316671
:61:241023D55000,00S103437319855
:61:241023D15251,72S103437320354
:61:241023D1582,13S103437322063
:61:241023D94927,70S103437322198
:61:241023D150000,00S103437323989
:61:241023D63355,30S103437325021
:62F:C241024BDT175271603,02
-}{5:{CHK:C9A3C8FBE7E1}}                                                                                                                                                                                                                                                                                                    {1:F21AGBKBDDHA0995759847267}{4:{177:2410271455}{451:0}}{1:F01AGBKBDDHA0995759847267}{2:I950RJHISARIXXXXN}{4:
:20:AGBKFRCDNRTA7009
:25:7009
:28C:10/265
:60F:C241024BDT175271603,02
:61:241023D91130,59S103437325486
:61:241023D2545,64S103437325669
:61:241023D20000,00S103437326035
:61:241023D41135,34S103437326689
:61:241023D15202,67S103437327079
:61:241023D3000,00S103437327954
:61:241023D5709,90S103437328624
:61:241023D31023,95S103437328704
:61:241023D2545,64S103437328721
:61:241023D42098,85S103437329025
:61:241023D2545,64S103437329160
:61:241023D682653,30S103437329161
:61:241023D60120,87S103437330129
:61:241023D60000,00S103437330613
:61:241023D100128,15S103437330814
:61:241023D89548,46S103437330929
:61:241023D81637,82S103437331118
:61:241023D2531,41S103437331424
:61:241023D100000,00S103437331520
:61:241023D40000,00S103437332073
:61:241023D15202,67S103437332124
:61:241023D38013,18S103437332197
:61:241023D100128,15S103437332210
:61:241023D15202,67S103437333257
:61:241023D25000,00S103437333289
:61:241023D214044,55S103437333441
:61:241023D4746,38S103437333927
:61:241023D10000,00S103437333995
:62F:C241024BDT173375707,19
-}{5:{CHK:96C08799EA2A}}                                                                                                                                                                                                                                                                                                                                                          {1:F21AGBKBDDHA0995759847268}{4:{177:2410271455}{451:0}}{1:F01AGBKBDDHA0995759847268}{2:I950RJHISARIXXXXN}{4:
:20:AGBKFRCDNRTA7009
:25:7009
:28C:10/266
:60F:C241024BDT173375707,19
:61:241023D2545,64S103437334055
:61:241023D24695,44S103437334065
:61:241023D44630,26S103437334306
:61:241023D300109,16S103437334440
:61:241023D31023,95S103437334509
:61:241023D141263,48S103437334727
:61:241023D63355,30S103437334993
:61:241023D72066,65S103437335006
:61:241023D22174,35S103437335066
:61:241023D49995,25S103437335571
:61:241023D157084,77S103437335611
:61:241023D2545,64S103437335837
:61:241023D219842,88S103437336313
:61:241023D2545,64S103437336587
:61:241023D12354,28S103437336700
:61:241023D104420,47S103437337734
:61:241023D2545,64S103437337948
:61:241023D2059,05S103437338306
:61:241023D8874,16S103437338886
:61:241023D94516,34S103437339422
:61:241023D252012,47S103437339459
:61:241023D109620,92S103437339638
:61:241023D94294,85S103437339672
:61:241023D31677,65S103437339855
:61:241023D2545,64S103437340036
:61:241023D21531,18S103437340094
:61:241023D60000,00S103437340737
:61:241023D2545,64S103437340741
:62F:C241024BDT171442830,49
-}{5:{CHK:039F37147202}}                                                                                                                                                                                                                                                                                                                                                         {1:F21AGBKBDDHA0995759847269}{4:{177:2410271455}{451:0}}{1:F01AGBKBDDHA0995759847269}{2:I950RJHISARIXXXXN}{4:
:20:AGBKFRCDNRTA7009
:25:7009
:28C:10/267
:60F:C241024BDT171442830,49
:61:241023D5695,66S103437340925
:61:241023D104536,24S103437341169
:61:241023D27896,09S103437341228
:61:241023D2850,99S103437341545
:61:241023D5746,29S103437341595
:61:241023D31009,71S103437342298
:61:241023D26704,26S103437342316
:61:241023D204569,19S103437343235
:61:241023D47199,70S103437343572
:61:241023D5709,90S103437343613
:61:241023D41180,94S103437343682
:61:241023D15000,00S103437343990
:61:241023D125442,20S103437344046
:61:241023D30000,00S103437344539
:61:241023D34188,21S103437344934
:61:241023D81637,82S103437345775
:61:241023D94927,70S103437345931
:61:241023D62652,28S103437346914
:61:241023D50000,00S103437347220
:61:241023D72777,90S103437347462
:61:241023D31023,95S103437347701
:61:241023D52210,23S103437347957
:61:241023D20000,00S103437348175
:61:241023D53159,51S103437348274
:61:241023D65816,54S103437348928
:61:241023D5709,90S103437349098
:61:241023D64234,41S103437349884
:61:241023D31023,95S103437350290
:62F:C241024BDT170049926,92
-}{5:{CHK:71642BA2A124}}                                                                                                                                                                                                                                                                                                                                                          {1:F21AGBKBDDHA0995759847270}{4:{177:2410271455}{451:0}}{1:F01AGBKBDDHA0995759847270}{2:I950RJHISARIXXXXN}{4:
:20:AGBKFRCDNRTA7009
:25:7009
:28C:10/268
:60F:C241024BDT170049926,92
:61:241023D53159,51S103437350467
:61:241023D15902,80S103437350592
:61:241023D109620,92S103437350599
:61:241023D31023,95S103437350985
:61:241023D15902,80S103437351004
:61:241023D31642,57S103437351032
:61:241023D100128,15S103437351045
:61:241023D47231,32S103437351648
:61:241023D37971,08S103437358461
:62F:C241024BDT169607343,82
-}{5:{CHK:644E6557D64A}}                                                                                                                                                                                                                                                                                                                                                                                                                                                                                            {1:F21AGBKBDDHA0995759847271}{4:{177:2410271456}{451:0}}{1:F01AGBKBDDHA0995759847271}{2:I950ALBISARIXXXXN}{4:
:20:AGBKPBNRTA0031
:25:7031
:28C:10/97
:60F:C241024BDT90379893,83
:61:241022D126602,48S103FT24296008473872
:61:241022D178247,74S103FT24296017978204
:61:241022D100000,00S103FT24296018905673
:61:241022D399109,56S103FT24296055401676
:61:241022D147058,82S103FT24296064412839
:61:241022D100810,94S103FT24296071713308
:61:241022D65906,40S103FT24296086126002
:61:241022D50087,45S103FT24296097280836
:61:241022D300684,00S103FT24296106440801
:61:241022D95403,32S103FT24296196674164
:61:241022D31165,53S103FT24296198338471
:61:241022D82048,02S103FT24296198972152
:61:241022D6352,36S103FT24296199786050
:61:241022D27950,37S103FT24296200929040
:61:241022D260000,00S103FT24296213608022
:61:241022D154681,74S103FT24296214097038
:61:241022D60000,00S103FT24296241062558
:61:241022D119891,87S103FT24296280308084
:61:241022D127206,23S103FT24296280399146
:61:241022D172682,46S103FT24296318563301
:61:241022D26552,85S103FT24296320490968
:61:241022D253776,44S103FT24296390950705
:61:241022D100684,86S103FT24296391410029
:61:241022D47008,00S103FT24296392372632
:61:241022D94609,64S103FT24296463782537
:61:241022D37621,24S103FT24296520772771
:61:241022D69168,38S103FT24296604406606
:61:241022D15391,74S103FT24296660832620
:62F:C241024BDT87129191,39
-}{5:{CHK:7083CB39FEC2}}                                                                                                                                            {1:F21AGBKBDDHA0995759847272}{4:{177:2410271457}{451:0}}{1:F01AGBKBDDHA0995759847272}{2:I950ALBISARIXXXXN}{4:
:20:AGBKPBNRTA0031
:25:7031
:28C:10/98
:60F:C241024BDT87129191,39
:61:241022D349181,11S103FT24296661601766
:61:241022D34981,71S103FT24296800043149
:61:241022D205818,83S103FT24296818547320
:61:241022D65988,23S103FT24296854880387
:61:241022D102401,00S103FT24296888988900
:61:241022D131495,36S103FT24296889535108
:61:241022D100000,00S103FT24296906035244
:61:241022D105581,18S103FT24296911067931
:61:241022D157858,00S103FT24296916200694
:61:241022D477023,37S103FT24296925550001
:61:241022D59786,93S103FT24296993746068
:61:241022D38114,14S103FT24296994734829
:61:241022D7000,00S103FT24296996079348
:62F:C241024BDT85293961,53
-}{5:{CHK:E4D39E18A231}}                                                                                                                                                                                                                                                         {1:F21AGBKBDDHA0995759847273}{4:{177:2410271458}{451:0}}{1:F01AGBKBDDHA0995759847273}{2:I950ARNBSARIXXXXN}{4:
:20:AGBKFXANB
:25:7030
:28C:10/48
:60F:C241024BDT15547376,30
:61:241024D51214,00S103241921020310
:61:241024D43201,00S103242581014125
:61:241024D190635,00S103242901021887
:61:241024D300000,00S103243591045693
:61:241024D300000,00S103243591046125
:61:241024D136549,00S103243831025776
:61:241024D50656,00S103243891039356
:61:241024D100000,00S103243891040065
:61:241024D286400,00S103243931047438
:61:241024D31415,00S103244721023407
:61:241024D286513,00S103246811019374
:61:241024D70025,51S103247081984516
:61:241024D34661,99S103247081988005
:61:241024D222504,77S103247081988950
:61:241024D200000,00S103247081990290
:61:241024D300000,00S103249011000160
:61:241024D300000,00S103249011000162
:61:241024D55385,00S103249911018640
:62F:C241024BDT12588216,03
-}{5:{CHK:7BCD24201039}}                                                                                                                     {1:F21AGBKBDDHA0995759847274}{4:{177:2410271459}{451:0}}{1:F01AGBKBDDHA0995759847274}{2:I950NCBKSAJEXXXXN}{4:
:20:FRGII/ST/241024
:25:NRT7055
:28C:10/250
:60F:C241024BDT86258728,36
:61:241024D2583,80S103QPAY610242961392
:61:241024D46913,63S103QPAY610242965456
:61:241024D332473,72S103QPAY610242965709
:61:241024D149822,16S103QPAY610242965779
:61:241024D37414,38S103QPAY610242965780
:61:241024D15249,46S103QPAY610242965815
:61:241024D9499,25S103QPAY610242965879
:61:241024D5750,21S103QPAY610242970220
:61:241024D10499,84S103QPAY610242970222
:61:241024D94409,87S103QPAY610242970337
:61:241024D64915,68S103QPAY610242970657
:61:241024D50669,14S103QPAY610242970755
:61:241024D28932,08S103QPAY610242970768
:61:241024D21585,05S103QPAY610242970857
:61:241024D2584,13S103QPAY610242970876
:61:241024D15251,41S103QPAY610242970945
:61:241024D29687,00S103QPAY610242971217
:61:241024D5786,99S103QPAY610242971272
:61:241024D1644,32S103QPAY610242971445
:61:241024D15346,99S103QPAY610242971467
:61:241024D2600,32S103QPAY610242971525
:61:241024D2600,32S103QPAY610242971640
:61:241024D6373,34S103QPAY610242971653
:61:241024D31280,34S103QPAY610242971666
:61:241024D200000,00S103QPAY610242971682
:61:241024D26500,33S103QPAY610242971693
:61:241024D23000,00S103QPAY610242971765
:61:241024D2600,32S103QPAY610242971777
:62F:C241024BDT85022754,28
-}{5:{CHK:2EC7FC7E8438}}                                                                                                                                                           {1:F21AGBKBDDHA0995759847275}{4:{177:2410271459}{451:0}}{1:F01AGBKBDDHA0995759847275}{2:I950NCBKSAJEXXXXN}{4:
:20:FRGII/ST/241024
:25:NRT7055
:28C:10/251
:60F:C241024BDT85022754,28
:61:241024D107760,38S103QPAY610242971905
:61:241024D5786,99S103QPAY610242971910
:61:241024D238413,78S103QPAY610242971911
:61:241024D156146,75S103QPAY610242971966
:61:241024D10566,99S103QPAY610242971993
:61:241024D101387,04S103QPAY610242972389
:61:241024D8973,66S103QPAY610242972398
:61:241024D5000,00S103QPAY610242972487
:61:241024D5786,99S103QPAY610242972493
:61:241024D98200,37S103QPAY610242972551
:61:241024D286213,80S103QPAY610242972622
:61:241024D11522,99S103QPAY610242972663
:61:241024D31866,68S103QPAY610242972766
:61:241024D31280,34S103QPAY610242972813
:61:241024D2600,32S103QPAY610242972856
:61:241024D5786,99S103QPAY610242972899
:61:241024D31280,34S103QPAY610242972935
:61:241024D168307,08S103QPAY610242973088
:61:241024D2600,32S103QPAY610242973112
:61:241024D15346,99S103QPAY610242973130
:61:241024D50000,00S103QPAY610242973191
:61:241024D15346,99S103QPAY610242973446
:61:241024D101973,39S103QPAY610242973497
:61:241024D37653,67S103QPAY610242973513
:61:241024D158747,06S103QPAY610242973690
:61:241024D31280,34S103QPAY610242973912
:61:241024D15933,34S103QPAY610242973975
:61:241024D126880,39S103QPAY610242974076
:62F:C241024BDT83160110,30
-}{5:{CHK:BF7151AE14DD}}                                                                                                                                                  {1:F21AGBKBDDHA0995759847276}{4:{177:2410271500}{451:0}}{1:F01AGBKBDDHA0995759847276}{2:I950NCBKSAJEXXXXN}{4:
:20:FRGII/ST/241024
:25:NRT7055
:28C:10/252
:60F:C241024BDT83160110,30
:61:241024D24907,00S103QPAY610242974149
:61:241024D247973,80S103QPAY610242974191
:61:241024D25544,33S103QPAY610242974364
:61:241024D59960,35S103QPAY610242974495
:61:241024D26500,33S103QPAY610242974646
:61:241024D15346,99S103QPAY610242974859
:61:241024D29687,00S103QPAY610242974864
:61:241024D79717,70S103QPAY610242975166
:61:241024D139627,06S103QPAY610242975314
:61:241024D31186,21S103QPAY828242934377
:61:241024D10000,00S103QPAY828242962215
:61:241024D8916,63S103QPAY828242966953
:61:241024D10000,00S103QPAY828242970048
:61:241024D60161,91S103QPAY828242970095
:61:241024D3166,42S103QPAY828242970488
:61:241024D93409,29S103QPAY828242970726
:61:241024D32455,77S103QPAY828242971007
:61:241024D40000,00S103QPAY828242971041
:61:241024D30000,00S103QPAY828242971306
:61:241024D37000,00S103QPAY828242971337
:61:241024D47179,61S103QPAY828242971384
:61:241024D130000,00S103QPAY828242971882
:61:241024D47499,28S103QPAY828242972201
:61:241024D51539,89S103QPAY828242972217
:61:241024D34357,81S103QPAY828242972627
:61:241024D200000,00S103QPAY828242972862
:61:241024D3166,82S103QPAY828242972911
:61:241024D5786,99S103QPAY828242973559
:62F:C241024BDT81635019,11
-}{5:{CHK:FC63CEDD5A02}}                                                                                                                                                    {1:F21AGBKBDDHA0995759847277}{4:{177:2410271500}{451:0}}{1:F01AGBKBDDHA0995759847277}{2:I950NCBKSAJEXXXXN}{4:
:20:FRGII/ST/241024
:25:NRT7055
:28C:10/253
:60F:C241024BDT81635019,11
:61:241024D100061,39S103QPAY828242973866
:61:241024D39247,01S103QPAY828242974021
:61:241024D80000,00S103QPAY828242974053
:61:241024D6373,34S103QPAY828242974077
:61:241024D59144,57S103QPAY828242974114
:61:241024D3186,67S103QPAY828242974277
:61:241024D31866,68S103QPAY828242974343
:61:241024D15346,99S103QPAY828242974446
:61:241024D8973,66S103QPAY828242974628
:61:241024D123642,73S103QPAY828242974658
:61:241024D3186,67S103QPAY828242974828
:61:241024D100601,53S103QPAY828242974971
:61:241024D3186,67S103QPAY828242975084
:61:241024D1593,33S103QPAY828242975238
:61:241024D100000,00S103QPAY828242975411
:61:241024D50000,00S103QPAY828242975436
:61:241024D10088,99S103QPAY828242975506
:61:241024D101973,39S103QPAY828242975592
:61:241024D145949,40S103QPAY828242975760
:61:241024D30000,00S103QPAY828242975856
:61:241024D12109,34S103QPAY828242976288
:61:241024D15346,99S103QPAY828242976305
:61:241024D91776,05S103QPAY828242976546
:61:241024D49393,36S103QPAY828242976617
:61:241024D35000,00S103QPAY828242977006
:61:241024D31280,34S103QPAY828242977451
:61:241024D6392,46S103QPAY828242977665
:61:241024D21720,33S103QPAY828242977711
:62F:C241024BDT80357577,22
-}{5:{CHK:BBE35E1A2840}}                                                                                                                                                     {1:F21AGBKBDDHA0995759847278}{4:{177:2410271500}{451:0}}{1:F01AGBKBDDHA0995759847278}{2:I950NCBKSAJEXXXXN}{4:
:20:FRGII/ST/241024
:25:NRT7055
:28C:10/254
:60F:C241024BDT80357577,22
:61:241024D3186,67S103QPAY828242977874
:61:241024D50000,00S103QPAY828242977896
:61:241024D7488,67S103QPAY828242977997
:61:241024D50000,00S103QPAY828242978070
:61:241024D6373,34S103QPAY828242978228
:61:241024D34467,01S103QPAY828242978251
:61:241024D100000,00S103QPAY828242978423
:61:241024D44613,36S103QPAY828242978433
:61:241024D31280,34S103QPAY828242978459
:61:241024D3186,67S103QPAY828242978780
:61:241024D23900,01S103QPAY828242979144
:61:241024D30000,00S103QPAY828242979147
:61:241024D79029,38S103QPAY828242979264
:61:241024D50986,69S103QPAY828242979292
:61:241024D105160,06S103QPAY828242979293
:61:241024D6373,34S103QPAY828242979324
:61:241024D22164,92S103QPAY829242960639
:61:241024D95993,08S103QPAY829242960753
:61:241024D106074,95S103QPAY829242960765
:61:241024D63328,33S103QPAY829242961058
:61:241024D70136,13S103QPAY829242961117
:61:241024D50000,00S103QPAY829242961859
:61:241024D100000,00S103QPAY829242961867
:62F:C241024BDT79223834,27
-}{5:{CHK:2E509657E76B}}                                                                                                                                                                                                                                                                                                                                                                  {1:F21AGBKBDDHA0995759069168}{4:{177:2410271501}{451:0}}{1:F01AGBKBDDHA0995759069168}{2:O1991201241027ALBISARIAXXX79576699872410271501N}{3:{108:E199241027AKC7AE}{433:/AOK/EXCLUDED}}{4:
:20:10006743.2024
:79:KINDLY EFFECT THE BELOW MENTIONED
TRANSFER WITH THE FOLLOWING DETAILS
VALUE DATE       27/10/2024
SETTLEMENT NO    00005
FILE NAME        10006743.20241027.00005.TXT
FILE HASH TOTAL           686,083.02
ITEM NO  CCY           AMOUNT
.
0000008  BDT              686,083.02
.
PLEASE BE INFORMED THAT WE ALREADY
CREDITED TO YOUR ACCOUNT WITH THE
ABOVE MENTIONED AMOUNT AND FOR ANY
DESCREPENCIES PLEASE CALL US AT
(0099661)4798916 OR SEND FAX TO
4798918 AND ATTENTION IT TO
SAMI AL-SWADI
HEAD OF REMITTANCES UNIT
THANKS AND REGARDS
BANK ALBILAD
RIYADH
-}{5:{MAC:00000000}{CHK:73559BE4D0B8}}{S:{SAC:}{COP:P}}                                                                                                                                                                                             {1:F21AGBKBDDHA0995759847279}{4:{177:2410271502}{451:0}}{1:F01AGBKBDDHA0995759847279}{2:I950EZYRGB2LXXXXN}{4:
:20:AGBKFRDBFC2021
:25:7102
:28C:10/326
:60F:C241024BDT1105479006,76
:61:241024D36130,00S1031000138546584
:61:241024D110000,00S1031000138546993
:61:241024D113630,00S1031000138547079
:61:241024D40000,00S1031000138548701
:61:241024D31000,00S1031000138548813
:61:241024D30000,00S1031000138549212
:61:241024D20018,58S1031000138549508
:61:241024D50000,00S1031000138549851
:61:241024D267360,00S1031000138549908
:61:241024D14000,00S1031000138550012
:61:241024D150022,38S1031000138550015
:61:241024D80000,00S1031000138550038
:61:241024D82419,00S1031000138550074
:61:241024D32751,60S1031000138550121
:61:241024D78076,00S1031000138550142
:61:241024D300000,00S1031000138550211
:61:241024D125325,00S1031000138550378
:61:241024D211548,00S1031000138550387
:61:241024D499950,00S1031000138550474
:61:241024D499850,00S1031000138550475
:61:241024D499650,00S1031000138550476
:61:241024D499800,00S1031000138550477
:61:241024D499280,00S1031000138550478
:61:241024D498650,00S1031000138550481
:61:241024D499950,00S1031000138550483
:61:241024D499802,00S1031000138550487
:61:241024D499999,00S1031000138550490
:61:241024D499999,00S1031000138550492
:62F:C241024BDT1098709796,20
-}{5:{CHK:61462CFF2E3F}}                                                                                                                                                                                                                       {1:F21AGBKBDDHA0995759847280}{4:{177:2410271503}{451:0}}{1:F01AGBKBDDHA0995759847280}{2:I950EZYRGB2LXXXXN}{4:
:20:AGBKFRDBFC2021
:25:7102
:28C:10/327
:60F:C241024BDT1098709796,20
:61:241024D498420,00S1031000138550493
:61:241024D499806,00S1031000138550497
:61:241024D499999,00S1031000138550498
:61:241024D498417,00S1031000138550500
:61:241024D487805,00S1031000138550501
:61:241024D499807,00S1031000138550502
:61:241024D498741,00S1031000138550507
:61:241024D498521,00S1031000138550528
:61:241024D341470,00S1031000138550536
:61:241024D488809,00S1031000138550550
:61:241024D498321,00S1031000138550556
:61:241024D498417,00S1031000138550573
:61:241024D488809,00S1031000138550575
:61:241024D472887,00S1031000138550576
:61:241024D500000,00S1031000138550588
:61:241024D500000,00S1031000138550598
:61:241024D497652,00S1031000138550603
:61:241024D499992,00S1031000138550609
:61:241024D499993,00S1031000138550625
:61:241024D499810,00S1031000138550626
:61:241024D500000,00S1031000138550627
:61:241024D497418,00S1031000138550641
:61:241024D499991,00S1031000138550656
:61:241024D497525,00S1031000138550660
:61:241024D499991,00S1031000138550669
:61:241024D499925,00S1031000138550679
:61:241024D450000,00S1031000138550691
:61:241024D500000,00S1031000138550702
:62F:C241024BDT1084997270,20
-}{5:{CHK:0D66C47B439A}}                                                                                                                                                                                                            {1:F21AGBKBDDHA0995759847281}{4:{177:2410271504}{451:0}}{1:F01AGBKBDDHA0995759847281}{2:I950EZYRGB2LXXXXN}{4:
:20:AGBKFRDBFC2021
:25:7102
:28C:10/328
:60F:C241024BDT1084997270,20
:61:241024D499994,00S1031000138550705
:61:241024D500000,00S1031000138550707
:61:241024D499992,00S1031000138550711
:61:241024D499999,00S1031000138550721
:61:241024D497852,00S1031000138550724
:61:241024D499995,00S1031000138550733
:61:241024D499987,00S1031000138550738
:61:241024D499996,00S1031000138550740
:61:241024D499996,00S1031000138550760
:61:241024D499997,00S1031000138550776
:61:241024D499991,00S1031000138550784
:61:241024D497412,00S1031000138550788
:61:241024D487805,00S1031000138550798
:61:241024D499998,00S1031000138550801
:61:241024D500000,00S1031000138550810
:61:241024D490000,00S1031000138550815
:61:241024D499995,00S1031000138550817
:61:241024D499996,00S1031000138550827
:61:241024D475000,00S1031000138550836
:61:241024D300000,00S1031000138550845
:61:241024D20000,00S1031000138550849
:61:241024D499803,00S1031000138550860
:61:241024D439030,00S1031000138550861
:61:241024D496200,00S1031000138550929
:61:241024D496254,00S1031000138550945
:61:241024D499941,00S1031000138550950
:61:241024D454575,00S1031000138550996
:61:241024D499877,00S1031000138551011
:62F:C241024BDT1071843585,20
-}{5:{CHK:4C298716BC29}}                                                                                                                                                                                                             {1:F21AGBKBDDHA0995759847282}{4:{177:2410271505}{451:0}}{1:F01AGBKBDDHA0995759847282}{2:I950EZYRGB2LXXXXN}{4:
:20:AGBKFRDBFC2021
:25:7102
:28C:10/329
:60F:C241024BDT1071843585,20
:61:241024D496820,00S1031000138551068
:61:241024D250000,00S1031000138551145
:61:241024D495852,00S1031000138551264
:61:241024D499992,00S1031000138551267
:61:241024D499879,00S1031000138551270
:61:241024D499996,00S1031000138551320
:61:241024D200000,00S1031000138551343
:61:241024D499998,00S1031000138551350
:61:241024D487812,00S1031000138551373
:61:241024D499805,00S1031000138551411
:61:241024D68311,65S1031000138551421
:61:241024D499994,00S1031000138551424
:61:241024D499500,00S1031000138551438
:61:241024D499992,00S1031000138551459
:61:241024D499800,00S1031000138551461
:61:241024D499954,00S1031000138551486
:61:241024D499990,00S1031000138551513
:61:241024D499852,00S1031000138551517
:61:241024D500000,00S1031000138551520
:61:241024D499900,00S1031000138551546
:61:241024D250000,00S1031000138551560
:61:241024D499945,00S1031000138551567
:61:241024D499700,00S1031000138551583
:61:241024D500000,00S1031000138551608
:61:241024D499999,00S1031000138551728
:61:241024D499925,00S1031000138551730
:61:241024D499950,00S1031000138551738
:61:241024D499996,00S1031000138551793
:62F:C241024BDT1059096622,55
-}{5:{CHK:60D9DEF6071A}}                                                                                                                                                                                                             {1:F21AGBKBDDHA0995759847283}{4:{177:2410271505}{451:0}}{1:F01AGBKBDDHA0995759847283}{2:I950EZYRGB2LXXXXN}{4:
:20:AGBKFRDBFC2021
:25:7102
:28C:10/330
:60F:C241024BDT1059096622,55
:61:241024D135000,00S1031000138551839
:61:241024D499996,00S1031000138551845
:61:241024D499998,00S1031000138551904
:61:241024D50005,51S1031000138552032
:61:241024D34200,00S1031000138552049
:61:241024D500000,00S1031000138552054
:61:241024D500000,00S1031000138552128
:61:241024D27470,00S1031000138552163
:61:241024D160000,00S1031000138552212
:61:241024D200000,00S1031000138552297
:61:241024D500000,00S1031000138552316
:61:241024D50000,00S1031000138552331
:61:241024D500000,00S1031000138552383
:61:241024D500000,00S1031000138552399
:61:241024D487805,00S1031000138552468
:61:241024D125019,00S1031000138552500
:61:241024D487805,00S1031000138552515
:61:241024D487805,00S1031000138552534
:61:241024D487805,00S1031000138552545
:61:241024D50000,00S1031000138552689
:61:241024D500000,00S1031000138552696
:61:241024D200025,00S1031000138552781
:61:241024D33009,00S1031000138552870
:61:241024D23000,00S1031000138553193
:61:241024D50018,00S1031000138553218
:61:241024D150000,00S1031000138553222
:61:241024D100029,00S1031000138553533
:61:241024D200000,00S1031000138553567
:62F:C241024BDT1051557633,04
-}{5:{CHK:1DF672ABA0D1}}                                                                                                                                                                                                                    {1:F21AGBKBDDHA0995759847284}{4:{177:2410271505}{451:0}}{1:F01AGBKBDDHA0995759847284}{2:I950EZYRGB2LXXXXN}{4:
:20:AGBKFRDBFC2021
:25:7102
:28C:10/331
:60F:C241024BDT1051557633,04
:61:241024D150010,00S1031000138554081
:61:241024D86000,00S1031000138554740
:61:241024D24420,00S1031000138554806
:61:241024D254844,00S1031000138554831
:61:241024D100000,00S1031000138554854
:61:241024D100000,00S1031000138554977
:61:241024D50000,00S1031000138555011
:61:241024D25000,00S1031000138555034
:61:241024D18152,00S1031000138555092
:61:241024D160000,00S1031000138555155
:61:241024D110000,00S1031000138555552
:61:241024D10000,00S1031000138555554
:61:241024D47776,30S1031000138555692
:61:241024D32750,00S1031000138555953
:61:241024D70000,00S1031000138556087
:61:241024D100000,00S1031000138556137
:61:241024D100000,00S1031000138556302
:61:241024D49447,00S1031000138556383
:61:241024D89565,00S1031000138556428
:61:241024D69492,80S1031000138556814
:61:241024D499750,00S1031000138556850
:61:241024D200000,00S1031000138557222
:61:241024D300022,00S1031000138557256
:61:241024D42628,00S1031000138557266
:61:241024D499999,00S1031000138557408
:61:241024D480000,00S1031000138557456
:61:241024D97565,00S1031000138557538
:61:241024D481000,00S1031000138557569
:62F:C241024BDT1047309211,94
-}{5:{CHK:19527A2797B1}}                                                                                                                                                                                                                          {1:F21AGBKBDDHA0995759847285}{4:{177:2410271505}{451:0}}{1:F01AGBKBDDHA0995759847285}{2:I950EZYRGB2LXXXXN}{4:
:20:AGBKFRDBFC2021
:25:7102
:28C:10/332
:60F:C241024BDT1047309211,94
:61:241024D250000,00S1031000138557651
:61:241024D400000,00S1031000138557700
:61:241024D210000,00S1031000138558179
:61:241024D60000,00S1031000138558242
:61:241024D50000,00S1031000138558250
:61:241024D100000,00S1031000138558288
:61:241024D150000,00S1031000138558399
:61:241024D42000,00S1031000138558436
:61:241024D127000,00S1031000138558468
:61:241024D50000,00S1031000138558476
:61:241024D195200,00S1031000138558491
:61:241024D59240,00S1031000138558636
:61:241024D55000,00S1031000138558749
:61:241024D70000,00S1031000138558766
:61:241024D160000,00S1031000138558808
:61:241024D70000,00S1031000138558848
:61:241024D117091,00S1031000138558918
:61:241024D183086,00S1031000138558975
:61:241024D20000,00S1031000138559133
:61:241024D204900,00S1031000138559193
:61:241024D12000,00S1031000138559660
:61:241024D35024,00S1031000138539287
:61:241024D131340,00S1031000138540218
:61:241024D81210,00S1031000138540519
:61:241024D32751,00S1031000138540847
:61:241024D99016,00S1031000138541221
:61:241024D50000,00S1031000138541264
:61:241024D39852,00S1031000138541488
:62F:C241024BDT1044254501,94
-}{5:{CHK:4183C0FFF0A4}}                                                                                                                                                                                                                            {1:F21AGBKBDDHA0995759847286}{4:{177:2410271506}{451:0}}{1:F01AGBKBDDHA0995759847286}{2:I950EZYRGB2LXXXXN}{4:
:20:AGBKFRDBFC2021
:25:7102
:28C:10/333
:60F:C241024BDT1044254501,94
:61:241024D40000,00S1031000138541530
:61:241024D266700,00S1031000138541578
:61:241024D66850,00S1031000138541621
:61:241024D200000,00S1031000138541850
:61:241024D48800,00S1031000138541857
:61:241024D97600,00S1031000138541876
:61:241024D35000,00S1031000138541908
:61:241024D16720,00S1031000138541950
:61:241024D350000,00S1031000138541971
:61:241024D333531,00S1031000138541994
:61:241024D33018,00S1031000138541999
:61:241024D124660,00S1031000138542020
:61:241024D400000,00S1031000138542023
:61:241024D10000,00S1031000138542039
:61:241024D100000,00S1031000138542054
:61:241024D195125,00S1031000138542073
:61:241024D260000,00S1031000138542093
:61:241024D10000,00S1031000138542096
:61:241024D68511,00S1031000138542104
:61:241024D80000,00S1031000138542120
:61:241024D20051,00S1031000138542121
:61:241024D19385,00S1031000138542129
:61:241024D43925,00S1031000138542147
:61:241024D750000,00S1031000138542150
:61:241024D52612,00S1031000138542151
:61:241024D20025,00S1031000138542165
:61:241024D200000,00S1031000138542172
:61:241024D50000,00S1031000138542175
:62F:C241024BDT1040361988,94
-}{5:{CHK:B7A19F913D2A}}                                                                                                                                                                                                                             {1:F21AGBKBDDHA0995759847287}{4:{177:2410271506}{451:0}}{1:F01AGBKBDDHA0995759847287}{2:I950EZYRGB2LXXXXN}{4:
:20:AGBKFRDBFC2021
:25:7102
:28C:10/334
:60F:C241024BDT1040361988,94
:61:241024D200000,00S1031000138542176
:61:241024D100000,00S1031000138542180
:61:241024D66300,00S1031000138542187
:61:241024D30000,00S1031000138542192
:61:241024D50022,00S1031000138542198
:61:241024D100026,00S1031000138542200
:61:241024D20000,00S1031000138542203
:61:241024D21054,60S1031000138542207
:61:241024D48800,00S1031000138542218
:61:241024D22000,00S1031000138542221
:61:241024D70014,00S1031000138542226
:61:241024D49462,00S1031000138542229
:61:241024D52000,00S1031000138542230
:61:241024D160010,00S1031000138542264
:61:241024D50000,00S1031000138542268
:61:241024D105280,00S1031000138542271
:61:241024D32751,00S1031000138542293
:61:241024D334200,00S1031000138542296
:61:241024D30000,00S1031000138542307
:61:241024D48790,00S1031000138542317
:61:241024D100000,00S1031000138542322
:61:241024D1400000,00S1031000138542344
:61:241024D487810,00S1031000138542374
:61:241024D63500,00S1031000138542376
:61:241024D20018,00S1031000138542382
:61:241024D195125,00S1031000138542391
:61:241024D292700,00S1031000138542397
:61:241024D32751,60S1031000138542409
:62F:C241024BDT1036179374,74
-}{5:{CHK:9AFE1DF33663}}                                                                                                                                                                                                                            {1:F21AGBKBDDHA0995759847288}{4:{177:2410271507}{451:0}}{1:F01AGBKBDDHA0995759847288}{2:I950EZYRGB2LXXXXN}{4:
:20:AGBKFRDBFC2021
:25:7102
:28C:10/335
:60F:C241024BDT1036179374,74
:61:241024D75860,00S1031000138542423
:61:241024D177150,00S1031000138542432
:61:241024D150000,00S1031000138542445
:61:241024D32751,00S1031000138542446
:61:241024D266935,00S1031000138542455
:61:241024D57870,00S1031000138542457
:61:241024D115446,00S1031000138542458
:61:241024D5020,00S1031000138542459
:61:241024D99675,00S1031000138542462
:61:241024D30000,00S1031000138542471
:61:241024D60000,00S1031000138542482
:61:241024D200000,00S1031000138542489
:61:241024D426385,00S1031000138542492
:61:241024D500000,00S1031000138542504
:61:241024D100000,00S1031000138542513
:61:241024D130656,00S1031000138542514
:61:241024D36730,00S1031000138542535
:61:241024D100000,00S1031000138542536
:61:241024D305020,00S1031000138542560
:61:241024D31080,60S1031000138542563
:61:241024D100000,00S1031000138542569
:61:241024D124945,00S1031000138542571
:61:241024D132900,00S1031000138542572
:61:241024D59000,00S1031000138542574
:61:241024D50000,00S1031000138542583
:61:241024D300110,00S1031000138542586
:61:241024D200000,00S1031000138542590
:61:241024D36007,00S1031000138542608
:62F:C241024BDT1032275834,14
-}{5:{CHK:51A526985526}}                                                                                                                                                                                                                         {1:F21AGBKBDDHA0995759847289}{4:{177:2410271507}{451:0}}{1:F01AGBKBDDHA0995759847289}{2:I950EZYRGB2LXXXXN}{4:
:20:AGBKFRDBFC2021
:25:7102
:28C:10/336
:60F:C241024BDT1032275834,14
:61:241024D80000,00S1031000138542627
:61:241024D300000,00S1031000138542630
:61:241024D45000,00S1031000138542652
:61:241024D500000,00S1031000138542659
:61:241024D50000,00S1031000138542674
:61:241024D50000,00S1031000138542676
:61:241024D400000,00S1031000138542682
:61:241024D10000,00S1031000138542692
:61:241024D119760,00S1031000138542696
:61:241024D45000,00S1031000138542697
:61:241024D333531,60S1031000138542723
:61:241024D100000,00S1031000138542724
:61:241024D250000,00S1031000138542727
:61:241024D200000,00S1031000138542729
:61:241024D5000,00S1031000138542730
:61:241024D266940,00S1031000138542733
:61:241024D200000,00S1031000138542743
:61:241024D500000,00S1031000138542752
:61:241024D150000,00S1031000138542753
:61:241024D500000,00S1031000138542756
:61:241024D350007,00S1031000138542758
:61:241024D415665,00S1031000138542761
:61:241024D131067,00S1031000138542762
:61:241024D37029,00S1031000138542763
:61:241024D97500,00S1031000138542772
:61:241024D35000,00S1031000138542773
:61:241024D36762,00S1031000138542776
:61:241024D139529,00S1031000138542777
:62F:C241024BDT1026928043,54
-}{5:{CHK:DA6834DCB95B}}                                                                                                                                                                                                                        {1:F21AGBKBDDHA0995759847290}{4:{177:2410271508}{451:0}}{1:F01AGBKBDDHA0995759847290}{2:I950EZYRGB2LXXXXN}{4:
:20:AGBKFRDBFC2021
:25:7102
:28C:10/337
:60F:C241024BDT1026928043,54
:61:241024D16040,00S1031000138542782
:61:241024D70000,00S1031000138542784
:61:241024D50000,00S1031000138542785
:61:241024D60000,00S1031000138542787
:61:241024D66000,00S1031000138542793
:61:241024D30000,00S1031000138542798
:61:241024D32755,00S1031000138542824
:61:241024D15006,00S1031000138542826
:61:241024D300000,00S1031000138542832
:61:241024D30000,00S1031000138542850
:61:241024D60000,00S1031000138542858
:61:241024D24400,00S1031000138542861
:61:241024D222281,00S1031000138542862
:61:241024D100000,00S1031000138542865
:61:241024D100000,00S1031000138542872
:61:241024D100000,00S1031000138542875
:61:241024D100000,00S1031000138542877
:61:241024D30010,00S1031000138542882
:61:241024D60022,00S1031000138542885
:61:241024D89145,00S1031000138542900
:61:241024D66000,00S1031000138542911
:61:241024D75800,00S1031000138542916
:61:241024D100000,00S1031000138542917
:61:241024D33000,00S1031000138542920
:61:241024D97500,00S1031000138542923
:61:241024D79000,00S1031000138542927
:61:241024D112357,00S1031000138542957
:61:241024D100000,00S1031000138542984
:62F:C241024BDT1024708727,54
-}{5:{CHK:29DFFC172437}}                                                                                                                                                                                                                               {1:F21AGBKBDDHA0995759847291}{4:{177:2410271508}{451:0}}{1:F01AGBKBDDHA0995759847291}{2:I950EZYRGB2LXXXXN}{4:
:20:AGBKFRDBFC2021
:25:7102
:28C:10/338
:60F:C241024BDT1024708727,54
:61:241024D50000,00S1031000138542985
:61:241024D500000,00S1031000138542990
:61:241024D66780,00S1031000138542998
:61:241024D1000000,00S1031000138543000
:61:241024D213220,00S1031000138543010
:61:241024D100000,00S1031000138543017
:61:241024D30000,00S1031000138543024
:61:241024D531360,00S1031000138543025
:61:241024D333232,00S1031000138543040
:61:241024D36093,60S1031000138543044
:61:241024D333232,00S1031000138543049
:61:241024D100000,00S1031000138543052
:61:241024D186684,12S1031000138543060
:61:241024D46455,00S1031000138543084
:61:241024D200000,00S1031000138543094
:61:241024D116092,00S1031000138543099
:61:241024D36762,00S1031000138543113
:61:241024D250000,00S1031000138543116
:61:241024D50000,00S1031000138543117
:61:241024D166008,00S1031000138543122
:61:241024D80000,00S1031000138543123
:61:241024D179799,61S1031000138543132
:61:241024D15000,00S1031000138543134
:61:241024D100000,00S1031000138543135
:61:241024D99600,00S1031000138543136
:61:241024D50000,00S1031000138543141
:61:241024D70000,00S1031000138543149
:61:241024D313450,00S1031000138543156
:62F:C241024BDT1019454959,21
-}{5:{CHK:65404415B9EA}}                                                                                                                                                                                                                       {1:F21AGBKBDDHA0995759847292}{4:{177:2410271508}{451:0}}{1:F01AGBKBDDHA0995759847292}{2:I950EZYRGB2LXXXXN}{4:
:20:AGBKFRDBFC2021
:25:7102
:28C:10/339
:60F:C241024BDT1019454959,21
:61:241024D24600,00S1031000138543159
:61:241024D150000,00S1031000138543165
:61:241024D266940,00S1031000138543168
:61:241024D82420,00S1031000138543185
:61:241024D20000,00S1031000138543189
:61:241024D53000,00S1031000138543197
:61:241024D44000,00S1031000138543201
:61:241024D43450,00S1031000138543204
:61:241024D28211,00S1031000138543209
:61:241024D106280,00S1031000138543225
:61:241024D500000,00S1031000138543227
:61:241024D247308,00S1031000138543238
:61:241024D32751,00S1031000138543249
:61:241024D166050,00S1031000138543252
:61:241024D7320,00S1031000138543261
:61:241024D20000,00S1031000138543267
:61:241024D33420,00S1031000138543273
:61:241024D30011,00S1031000138543274
:61:241024D47790,00S1031000138543275
:61:241024D100000,00S1031000138543277
:61:241024D30009,00S1031000138543284
:61:241024D40000,00S1031000138543295
:61:241024D56150,00S1031000138543297
:61:241024D22391,00S1031000138543303
:61:241024D5009,00S1031000138543313
:61:241024D400000,00S1031000138543322
:61:241024D110000,00S1031000138543328
:61:241024D110015,00S1031000138543330
:62F:C241024BDT1016677834,21
-}{5:{CHK:98544E4D3BF3}}                                                                                                                                                                                                                                {1:F21AGBKBDDHA0995759847293}{4:{177:2410271509}{451:0}}{1:F01AGBKBDDHA0995759847293}{2:I950EZYRGB2LXXXXN}{4:
:20:AGBKFRDBFC2021
:25:7102
:28C:10/340
:60F:C241024BDT1016677834,21
:61:241024D500000,00S1031000138543334
:61:241024D200000,00S1031000138543336
:61:241024D50000,00S1031000138543338
:61:241024D187160,00S1031000138543340
:61:241024D53472,00S1031000138543345
:61:241024D80000,00S1031000138543346
:61:241024D30000,00S1031000138543347
:61:241024D133011,60S1031000138543351
:61:241024D42000,00S1031000138543358
:61:241024D50000,00S1031000138543359
:61:241024D60022,00S1031000138543361
:61:241024D250000,00S1031000138543364
:61:241024D100000,00S1031000138543371
:61:241024D15000,00S1031000138543378
:61:241024D300000,00S1031000138543386
:61:241024D66171,60S1031000138543392
:61:241024D200015,00S1031000138543394
:61:241024D200000,00S1031000138543422
:61:241024D50000,00S1031000138543438
:61:241024D36230,00S1031000138543444
:61:241024D333530,00S1031000138543445
:61:241024D100026,07S1031000138543462
:61:241024D46119,00S1031000138543475
:61:241024D133000,00S1031000138543502
:61:241024D59200,00S1031000138543518
:61:241024D50000,00S1031000138543550
:61:241024D75780,00S1031000138543562
:61:241024D49470,00S1031000138543567
:62F:C241024BDT1013227626,94
-}{5:{CHK:9724BAD01B82}}                                                                                                                                                                                                                            {1:F21AGBKBDDHA0995759847294}{4:{177:2410271509}{451:0}}{1:F01AGBKBDDHA0995759847294}{2:I950EZYRGB2LXXXXN}{4:
:20:AGBKFRDBFC2021
:25:7102
:28C:10/341
:60F:C241024BDT1013227626,94
:61:241024D22726,00S1031000138543570
:61:241024D50000,00S1031000138543575
:61:241024D10000,00S1031000138543595
:61:241024D180000,00S1031000138543604
:61:241024D66171,60S1031000138543606
:61:241024D15000,00S1031000138543614
:61:241024D66180,00S1031000138543617
:61:241024D150000,00S1031000138543624
:61:241024D50000,00S1031000138543635
:61:241024D41775,00S1031000138543638
:61:241024D100000,00S1031000138543653
:61:241024D22000,00S1031000138543655
:61:241024D106000,00S1031000138543665
:61:241024D100594,00S1031000138543673
:61:241024D86730,00S1031000138543682
:61:241024D50000,00S1031000138543683
:61:241024D266613,00S1031000138543689
:61:241024D334000,00S1031000138543705
:61:241024D266700,00S1031000138543753
:61:241024D60022,00S1031000138543761
:61:241024D175000,00S1031000138543772
:61:241024D30000,00S1031000138543778
:61:241024D43011,54S1031000138543779
:61:241024D100000,00S1031000138543782
:61:241024D100000,00S1031000138543788
:61:241024D100000,00S1031000138543799
:61:241024D87396,00S1031000138543805
:61:241024D97565,00S1031000138543806
:62F:C241024BDT1010450142,80
-}{5:{CHK:68813C55AD8C}}                                                                                                                                                                                                                            {1:F21AGBKBDDHA0995759847295}{4:{177:2410271509}{451:0}}{1:F01AGBKBDDHA0995759847295}{2:I950EZYRGB2LXXXXN}{4:
:20:AGBKFRDBFC2021
:25:7102
:28C:10/342
:60F:C241024BDT1010450142,80
:61:241024D40000,00S1031000138543810
:61:241024D30000,00S1031000138543811
:61:241024D210550,00S1031000138543812
:61:241024D70000,00S1031000138543820
:61:241024D180000,00S1031000138543824
:61:241024D55009,00S1031000138543825
:61:241024D203116,60S1031000138543828
:61:241024D130000,00S1031000138543834
:61:241024D70000,00S1031000138543838
:61:241024D100000,00S1031000138543847
:61:241024D150000,00S1031000138543848
:61:241024D35024,00S1031000138543851
:61:241024D134000,00S1031000138543865
:61:241024D44448,00S1031000138543866
:61:241024D116218,00S1031000138543870
:61:241024D24738,53S1031000138543883
:61:241024D32020,00S1031000138543890
:61:241024D40000,00S1031000138543912
:61:241024D75000,00S1031000138543930
:61:241024D166431,00S1031000138543932
:61:241024D5000,00S1031000138543943
:61:241024D50000,00S1031000138543948
:61:241024D30078,00S1031000138543955
:61:241024D59545,00S1031000138543963
:61:241024D2787,00S1031000138543971
:61:241024D48459,00S1031000138543974
:61:241024D50000,00S1031000138543978
:61:241024D45016,74S1031000138543980
:62F:C241024BDT1008252701,93
-}{5:{CHK:53EEC7AA7DE8}}                                                                                                                                                                                                                                 {1:F21AGBKBDDHA0995759847297}{4:{177:2410271510}{451:0}}{1:F01AGBKBDDHA0995759847297}{2:I950EZYRGB2LXXXXN}{4:
:20:AGBKFRDBFC2021
:25:7102
:28C:10/343
:60F:C241024BDT1008252701,93
:61:241024D500000,00S1031000138543987
:61:241024D39475,00S1031000138543989
:61:241024D333511,00S1031000138544000
:61:241024D18183,00S1031000138544006
:61:241024D15005,58S1031000138544017
:61:241024D100000,00S1031000138544022
:61:241024D54480,00S1031000138544025
:61:241024D36902,00S1031000138544029
:61:241024D20000,00S1031000138544031
:61:241024D266691,00S1031000138544035
:61:241024D35100,00S1031000138544042
:61:241024D70000,00S1031000138544063
:61:241024D50029,00S1031000138544068
:61:241024D200000,00S1031000138544072
:61:241024D30690,00S1031000138544074
:61:241024D60020,00S1031000138544075
:61:241024D150000,00S1031000138544087
:61:241024D30000,00S1031000138544095
:61:241024D100000,00S1031000138544122
:61:241024D50000,00S1031000138544140
:61:241024D97565,00S1031000138544142
:61:241024D32000,00S1031000138544143
:61:241024D20000,00S1031000138544145
:61:241024D32760,00S1031000138544152
:61:241024D100026,00S1031000138544154
:61:241024D133015,00S1031000138544156
:61:241024D70000,00S1031000138544163
:61:241024D39025,00S1031000138544164
:62F:C241024BDT1005568224,35
-}{5:{CHK:1C653F874E70}}                                                                                                                                                                                                                               {1:F21AGBKBDDHA0995759847298}{4:{177:2410271510}{451:0}}{1:F01AGBKBDDHA0995759847298}{2:I950EZYRGB2LXXXXN}{4:
:20:AGBKFRDBFC2021
:25:7102
:28C:10/344
:60F:C241024BDT1005568224,35
:61:241024D20000,00S1031000138544165
:61:241024D55000,00S1031000138544166
:61:241024D75000,00S1031000138544173
:61:241024D510350,00S1031000138544174
:61:241024D75000,00S1031000138544190
:61:241024D30000,00S1031000138544193
:61:241024D500000,00S1031000138544203
:61:241024D50000,00S1031000138544206
:61:241024D80007,00S1031000138544219
:61:241024D60000,00S1031000138544231
:61:241024D100000,00S1031000138544232
:61:241024D70000,00S1031000138544234
:61:241024D150000,00S1031000138544236
:61:241024D100000,00S1031000138544242
:61:241024D30011,16S1031000138544249
:61:241024D193836,00S1031000138544254
:61:241024D67850,00S1031000138544261
:61:241024D16590,00S1031000138544265
:61:241024D40004,00S1031000138544279
:61:241024D230965,00S1031000138544281
:61:241024D30695,00S1031000138544295
:61:241024D50000,00S1031000138544304
:61:241024D62000,00S1031000138544305
:61:241024D80020,00S1031000138544313
:61:241024D30500,00S1031000138544316
:61:241024D200015,00S1031000138544324
:61:241024D265445,00S1031000138544325
:61:241024D110000,00S1031000138544337
:62F:C241024BDT1002284936,19
-}{5:{CHK:30A387239A8B}}                                                                                                                                                                                                                              {1:F21AGBKBDDHA0995759847299}{4:{177:2410271510}{451:0}}{1:F01AGBKBDDHA0995759847299}{2:I950EZYRGB2LXXXXN}{4:
:20:AGBKFRDBFC2021
:25:7102
:28C:10/345
:60F:C241024BDT1002284936,19
:61:241024D400000,00S1031000138544350
:61:241024D100000,00S1031000138544359
:61:241024D65000,00S1031000138544363
:61:241024D100000,00S1031000138544373
:61:241024D38433,00S1031000138544375
:61:241024D97600,00S1031000138544377
:61:241024D487810,00S1031000138544380
:61:241024D99591,60S1031000138544381
:61:241024D100000,00S1031000138544389
:61:241024D50000,00S1031000138544401
:61:241024D40080,00S1031000138544411
:61:241024D322000,00S1031000138544414
:61:241024D100000,00S1031000138544429
:61:241024D66850,00S1031000138544443
:61:241024D32770,00S1031000138544445
:61:241024D200000,00S1031000138544455
:61:241024D333531,00S1031000138544456
:61:241024D100000,00S1031000138544464
:61:241024D29890,00S1031000138544465
:61:241024D37000,00S1031000138544470
:61:241024D500000,00S1031000138544485
:61:241024D70000,00S1031000138544503
:61:241024D150000,00S1031000138544505
:61:241024D598740,00S1031000138544509
:61:241024D60000,00S1031000138544517
:61:241024D200000,00S1031000138544537
:61:241024D598740,00S1031000138544538
:61:241024D63415,00S1031000138544540
:62F:C241024BDT997243485,59
-}{5:{CHK:271879F9A9EB}}                                                                                                                                                                                                                          {1:F21AGBKBDDHA0995759847300}{4:{177:2410271512}{451:0}}{1:F01AGBKBDDHA0995759847300}{2:I950EZYRGB2LXXXXN}{4:
:20:AGBKFRDBFC2021
:25:7102
:28C:10/346
:60F:C241024BDT997243485,59
:61:241024D55000,00S1031000138544545
:61:241024D140364,00S1031000138544550
:61:241024D153063,00S1031000138544565
:61:241024D10000,00S1031000138544566
:61:241024D30690,00S1031000138544571
:61:241024D50000,00S1031000138544583
:61:241024D32000,00S1031000138544585
:61:241024D66000,00S1031000138544586
:61:241024D31749,00S1031000138544588
:61:241024D25000,00S1031000138544594
:61:241024D300112,00S1031000138544607
:61:241024D50000,00S1031000138544620
:61:241024D30000,00S1031000138544621
:61:241024D32752,00S1031000138544624
:61:241024D48785,00S1031000138544632
:61:241024D20017,00S1031000138544634
:61:241024D40000,00S1031000138544635
:61:241024D62200,00S1031000138544640
:61:241024D91236,00S1031000138544641
:61:241024D48785,00S1031000138544644
:61:241024D267360,00S1031000138544651
:61:241024D50000,00S1031000138544657
:61:241024D70000,00S1031000138544674
:61:241024D32752,00S1031000138544678
:61:241024D300780,00S1031000138544680
:61:241024D334200,00S1031000138544682
:61:241024D32745,00S1031000138544684
:61:241024D32200,00S1031000138544700
:62F:C241024BDT994805695,59
-}{5:{CHK:41296E62EF23}}                                                                                                                                                                                                                                    {1:F21AGBKBDDHA0995759847301}{4:{177:2410271513}{451:0}}{1:F01AGBKBDDHA0995759847301}{2:I950EZYRGB2LXXXXN}{4:
:20:AGBKFRDBFC2021
:25:7102
:28C:10/347
:60F:C241024BDT994805695,59
:61:241024D500000,00S1031000138544705
:61:241024D60000,00S1031000138544713
:61:241024D85240,00S1031000138544733
:61:241024D20000,23S1031000138544750
:61:241024D85000,00S1031000138544763
:61:241024D30000,00S1031000138544767
:61:241024D200000,00S1031000138544769
:61:241024D30030,00S1031000138544788
:61:241024D51131,00S1031000138544795
:61:241024D150000,00S1031000138544798
:61:241024D90000,06S1031000138544825
:61:241024D52564,00S1031000138544829
:61:241024D49461,00S1031000138544830
:61:241024D72855,00S1031000138544836
:61:241024D97565,00S1031000138544837
:61:241024D100000,00S1031000138544839
:61:241024D84020,00S1031000138544848
:61:241024D50000,00S1031000138544850
:61:241024D90000,00S1031000138544857
:61:241024D40000,00S1031000138544858
:61:241024D32755,00S1031000138544866
:61:241024D140000,00S1031000138544868
:61:241024D76866,00S1031000138544871
:61:241024D61022,00S1031000138544875
:61:241024D60000,00S1031000138544878
:61:241024D168770,00S1031000138544881
:61:241024D99473,00S1031000138544891
:61:241024D35000,00S1031000138544902
:62F:C241024BDT992193943,30
-}{5:{CHK:2A8A219B7C12}}                                                                                                                                                                                                                                    {1:F21AGBKBDDHA0995759847302}{4:{177:2410271513}{451:0}}{1:F01AGBKBDDHA0995759847302}{2:I950EZYRGB2LXXXXN}{4:
:20:AGBKFRDBFC2021
:25:7102
:28C:10/348
:60F:C241024BDT992193943,30
:61:241024D36000,00S1031000138544904
:61:241024D200000,00S1031000138544907
:61:241024D27815,00S1031000138544910
:61:241024D49505,00S1031000138544916
:61:241024D120011,00S1031000138544921
:61:241024D50000,00S1031000138544922
:61:241024D90233,00S1031000138544929
:61:241024D35000,00S1031000138544944
:61:241024D60000,00S1031000138544949
:61:241024D292714,94S1031000138544952
:61:241024D25000,00S1031000138544972
:61:241024D100000,00S1031000138544977
:61:241024D62000,00S1031000138544979
:61:241024D100000,00S1031000138544981
:61:241024D30010,00S1031000138544985
:61:241024D285407,00S1031000138544986
:61:241024D12000,00S1031000138544995
:61:241024D83280,00S1031000138545004
:61:241024D78815,00S1031000138545012
:61:241024D33070,00S1031000138545013
:61:241024D21290,00S1031000138545034
:61:241024D378648,00S1031000138545039
:61:241024D15000,00S1031000138545044
:61:241024D30740,00S1031000138545045
:61:241024D32752,00S1031000138545049
:61:241024D150018,00S1031000138545052
:61:241024D50029,74S1031000138545054
:61:241024D30000,00S1031000138545061
:62F:C241024BDT989714604,62
-}{5:{CHK:6C4E106D733F}}                                                                                                                                                                                                                                  {1:F21AGBKBDDHA0995759847303}{4:{177:2410271513}{451:0}}{1:F01AGBKBDDHA0995759847303}{2:I950EZYRGB2LXXXXN}{4:
:20:AGBKFRDBFC2021
:25:7102
:28C:10/349
:60F:C241024BDT989714604,62
:61:241024D30695,00S1031000138545086
:61:241024D110000,00S1031000138545087
:61:241024D30500,00S1031000138545091
:61:241024D23394,00S1031000138545093
:61:241024D500000,00S1031000138545095
:61:241024D150000,00S1031000138545099
:61:241024D45020,00S1031000138545104
:61:241024D40018,90S1031000138545106
:61:241024D50000,00S1031000138545107
:61:241024D106275,60S1031000138545115
:61:241024D50000,00S1031000138545128
:61:241024D68500,00S1031000138545141
:61:241024D50000,00S1031000138545151
:61:241024D100026,06S1031000138545155
:61:241024D18000,00S1031000138545158
:61:241024D333531,60S1031000138545166
:61:241024D33018,00S1031000138545170
:61:241024D100170,00S1031000138545179
:61:241024D36762,00S1031000138545189
:61:241024D24385,00S1031000138545199
:61:241024D30000,00S1031000138545201
:61:241024D500000,00S1031000138545205
:61:241024D66171,00S1031000138545207
:61:241024D70015,00S1031000138545212
:61:241024D28000,00S1031000138545222
:61:241024D60000,00S1031000138545223
:61:241024D78050,00S1031000138545224
:61:241024D60000,00S1031000138545236
:62F:C241024BDT986922072,46
-}{5:{CHK:94F40B1E0645}}                                                                                                                                                                                                                                  {1:F21AGBKBDDHA0995759847304}{4:{177:2410271514}{451:0}}{1:F01AGBKBDDHA0995759847304}{2:I950EZYRGB2LXXXXN}{4:
:20:AGBKFRDBFC2021
:25:7102
:28C:10/350
:60F:C241024BDT986922072,46
:61:241024D30000,00S1031000138545239
:61:241024D173785,00S1031000138545240
:61:241024D25000,00S1031000138545243
:61:241024D42775,00S1031000138545251
:61:241024D66160,00S1031000138545254
:61:241024D49461,00S1031000138545256
:61:241024D36093,00S1031000138545260
:61:241024D50000,00S1031000138545273
:61:241024D66175,00S1031000138545274
:61:241024D32000,00S1031000138545284
:61:241024D100000,00S1031000138545298
:61:241024D24395,00S1031000138545299
:61:241024D10000,00S1031000138545302
:61:241024D10000,00S1031000138545309
:61:241024D40000,00S1031000138545321
:61:241024D190494,00S1031000138545338
:61:241024D100000,00S1031000138545346
:61:241024D22854,00S1031000138545361
:61:241024D67500,00S1031000138545379
:61:241024D72000,00S1031000138545387
:61:241024D26067,60S1031000138545391
:61:241024D33420,00S1031000138545395
:61:241024D300000,00S1031000138545397
:61:241024D200000,00S1031000138545400
:61:241024D50000,00S1031000138545415
:61:241024D100000,00S1031000138545418
:61:241024D126330,00S1031000138545421
:61:241024D20000,00S1031000138545423
:62F:C241024BDT984857562,86
-}{5:{CHK:BD9AAA51531A}}                                                                                                                                                                                                                                  {1:F21AGBKBDDHA0995759847305}{4:{177:2410271514}{451:0}}{1:F01AGBKBDDHA0995759847305}{2:I950EZYRGB2LXXXXN}{4:
:20:AGBKFRDBFC2021
:25:7102
:28C:10/351
:60F:C241024BDT984857562,86
:61:241024D25031,00S1031000138545424
:61:241024D100026,06S1031000138545426
:61:241024D48785,00S1031000138545427
:61:241024D133680,00S1031000138545431
:61:241024D35000,00S1031000138545432
:61:241024D50023,00S1031000138545441
:61:241024D74025,00S1031000138545443
:61:241024D40000,00S1031000138545444
:61:241024D31350,00S1031000138545445
:61:241024D40000,00S1031000138545446
:61:241024D210546,00S1031000138545447
:61:241024D70000,00S1031000138545449
:61:241024D36000,00S1031000138545464
:61:241024D77880,00S1031000138545475
:61:241024D35024,00S1031000138545479
:61:241024D32755,00S1031000138545482
:61:241024D50000,00S1031000138545483
:61:241024D40000,00S1031000138545488
:61:241024D19530,00S1031000138545494
:61:241024D32000,00S1031000138545519
:61:241024D500000,00S1031000138545521
:61:241024D250000,00S1031000138545523
:61:241024D156090,00S1031000138545532
:61:241024D100026,00S1031000138545540
:61:241024D100000,00S1031000138545541
:61:241024D50130,00S1031000138545554
:61:241024D253324,00S1031000138545556
:61:241024D206000,00S1031000138545568
:62F:C241024BDT982060337,80
-}{5:{CHK:D66C809A1510}}                                                                                                                                                                                                                                {1:F21AGBKBDDHA0995759847306}{4:{177:2410271514}{451:0}}{1:F01AGBKBDDHA0995759847306}{2:I950EZYRGB2LXXXXN}{4:
:20:AGBKFRDBFC2021
:25:7102
:28C:10/352
:60F:C241024BDT982060337,80
:61:241024D100000,00S1031000138545576
:61:241024D35000,00S1031000138545585
:61:241024D50000,00S1031000138545586
:61:241024D498000,00S1031000138545595
:61:241024D32648,00S1031000138545609
:61:241024D30000,00S1031000138545611
:61:241024D500000,00S1031000138545615
:61:241024D25000,00S1031000138545629
:61:241024D25000,00S1031000138545634
:61:241024D5013,00S1031000138545642
:61:241024D62042,00S1031000138545652
:61:241024D39201,00S1031000138545657
:61:241024D331482,00S1031000138545662
:61:241024D20000,00S1031000138545679
:61:241024D333532,00S1031000138545689
:61:241024D46050,00S1031000138545691
:61:241024D88000,00S1031000138545697
:61:241024D175460,00S1031000138545704
:61:241024D113622,00S1031000138545713
:61:241024D100000,00S1031000138545721
:61:241024D476626,00S1031000138545725
:61:241024D45000,00S1031000138545727
:61:241024D50000,00S1031000138545733
:61:241024D30695,00S1031000138545741
:61:241024D35000,00S1031000138545742
:61:241024D20000,00S1031000138545745
:61:241024D144500,00S1031000138545748
:61:241024D33210,00S1031000138545753
:62F:C241024BDT978615256,80
-}{5:{CHK:5116975E3B5A}}                                                                                                                                                                                                                                 {1:F21AGBKBDDHA0995759847308}{4:{177:2410271514}{451:0}}{1:F01AGBKBDDHA0995759847308}{2:I950EZYRGB2LXXXXN}{4:
:20:AGBKFRDBFC2021
:25:7102
:28C:10/353
:60F:C241024BDT978615256,80
:61:241024D53480,00S1031000138545768
:61:241024D266940,00S1031000138545769
:61:241024D500000,00S1031000138545773
:61:241024D129480,00S1031000138545783
:61:241024D100000,00S1031000138545786
:61:241024D50000,00S1031000138545788
:61:241024D25000,00S1031000138545790
:61:241024D46120,00S1031000138545794
:61:241024D50029,00S1031000138545799
:61:241024D33450,00S1031000138545800
:61:241024D333531,00S1031000138545807
:61:241024D20000,00S1031000138545812
:61:241024D334200,00S1031000138545817
:61:241024D30000,00S1031000138545829
:61:241024D58500,00S1031000138545834
:61:241024D100000,01S1031000138545837
:61:241024D100000,00S1031000138545842
:61:241024D30011,00S1031000138545848
:61:241024D55009,32S1031000138545854
:61:241024D20000,00S1031000138545869
:61:241024D39435,60S1031000138545873
:61:241024D100000,00S1031000138545880
:61:241024D75028,00S1031000138545890
:61:241024D50000,00S1031000138545894
:61:241024D76200,00S1031000138545895
:61:241024D100000,00S1031000138545899
:61:241024D80000,00S1031000138545900
:61:241024D100026,07S1031000138545915
:62F:C241024BDT975658816,80
-}{5:{CHK:9E53D73D0954}}                                                                                                                                                                                                                               {1:F21AGBKBDDHA0995759847309}{4:{177:2410271515}{451:0}}{1:F01AGBKBDDHA0995759847309}{2:I950EZYRGB2LXXXXN}{4:
:20:AGBKFRDBFC2021
:25:7102
:28C:10/354
:60F:C241024BDT975658816,80
:61:241024D29270,00S1031000138545917
:61:241024D50000,00S1031000138545920
:61:241024D32000,00S1031000138545923
:61:241024D26045,00S1031000138545924
:61:241024D31080,00S1031000138545929
:61:241024D99591,00S1031000138545944
:61:241024D18000,00S1031000138545947
:61:241024D203200,00S1031000138545968
:61:241024D20060,00S1031000138545969
:61:241024D150000,00S1031000138545979
:61:241024D10000,00S1031000138545984
:61:241024D106280,00S1031000138545985
:61:241024D45929,00S1031000138545986
:61:241024D30000,00S1031000138545996
:61:241024D63000,00S1031000138546002
:61:241024D140000,00S1031000138546003
:61:241024D266700,00S1031000138546014
:61:241024D150000,00S1031000138546020
:61:241024D600000,00S1031000138546022
:61:241024D26070,00S1031000138546025
:61:241024D417081,60S1031000138546033
:61:241024D50000,00S1031000138546034
:61:241024D32751,00S1031000138546035
:61:241024D36094,00S1031000138546039
:61:241024D180000,00S1031000138546048
:61:241024D22715,00S1031000138546058
:61:241024D66185,00S1031000138546059
:61:241024D43000,00S1031000138546060
:62F:C241024BDT972713765,20
-}{5:{CHK:591B93ACDD35}}                                                                                                                                                                                                                                 {1:F21AGBKBDDHA0995759847310}{4:{177:2410271515}{451:0}}{1:F01AGBKBDDHA0995759847310}{2:I950EZYRGB2LXXXXN}{4:
:20:AGBKFRDBFC2021
:25:7102
:28C:10/355
:60F:C241024BDT972713765,20
:61:241024D165375,00S1031000138546065
:61:241024D120000,00S1031000138546073
:61:241024D250000,00S1031000138546075
:61:241024D70000,00S1031000138546082
:61:241024D60000,00S1031000138546086
:61:241024D200000,00S1031000138546089
:61:241024D266700,00S1031000138546090
:61:241024D400000,00S1031000138546105
:61:241024D7000,00S1031000138546106
:61:241024D71450,00S1031000138546107
:61:241024D97565,00S1031000138546112
:61:241024D25000,00S1031000138546113
:61:241024D60000,00S1031000138546114
:61:241024D350000,00S1031000138546125
:61:241024D100000,00S1031000138546128
:61:241024D102500,00S1031000138546129
:61:241024D220000,00S1031000138546143
:61:241024D252320,98S1031000138546147
:61:241024D32260,00S1031000138546148
:61:241024D22730,00S1031000138546149
:61:241024D100000,00S1031000138546161
:61:241024D50000,00S1031000138546170
:61:241024D92373,00S1031000138546174
:61:241024D173070,00S1031000138546175
:61:241024D60000,00S1031000138546176
:61:241024D333530,00S1031000138546179
:61:241024D30000,00S1031000138546182
:61:241024D50000,00S1031000138546192
:62F:C241024BDT968951891,22
-}{5:{CHK:98768281FA3E}}                                                                                                                                                                                                                             {1:F21AGBKBDDHA0995759847311}{4:{177:2410271515}{451:0}}{1:F01AGBKBDDHA0995759847311}{2:I950EZYRGB2LXXXXN}{4:
:20:AGBKFRDBFC2021
:25:7102
:28C:10/356
:60F:C241024BDT968951891,22
:61:241024D20000,00S1031000138546193
:61:241024D15016,00S1031000138546199
:61:241024D70015,00S1031000138546201
:61:241024D50029,74S1031000138546204
:61:241024D100000,00S1031000138546210
:61:241024D43450,00S1031000138546215
:61:241024D25000,00S1031000138546218
:61:241024D300000,00S1031000138546227
:61:241024D50000,00S1031000138546229
:61:241024D17000,00S1031000138546233
:61:241024D100000,00S1031000138546234
:61:241024D250015,00S1031000138546236
:61:241024D80000,00S1031000138546237
:61:241024D383665,00S1031000138546242
:61:241024D325000,00S1031000138546243
:61:241024D400000,00S1031000138546254
:61:241024D400000,00S1031000138546267
:61:241024D50000,00S1031000138546275
:61:241024D40000,00S1031000138546278
:61:241024D49459,00S1031000138546285
:61:241024D15000,00S1031000138546287
:61:241024D29365,00S1031000138546292
:61:241024D66000,00S1031000138546293
:61:241024D26068,00S1031000138546297
:61:241024D40000,00S1031000138546310
:61:241024D49510,00S1031000138546311
:61:241024D200000,00S1031000138546317
:61:241024D100000,00S1031000138546325
:62F:C241024BDT965657298,48
-}{5:{CHK:4AA759C36800}}                                                                                                                                                                                                                                {1:F21AGBKBDDHA0995759847312}{4:{177:2410271515}{451:0}}{1:F01AGBKBDDHA0995759847312}{2:I950EZYRGB2LXXXXN}{4:
:20:AGBKFRDBFC2021
:25:7102
:28C:10/357
:60F:C241024BDT965657298,48
:61:241024D29409,00S1031000138546330
:61:241024D257234,00S1031000138546332
:61:241024D59000,00S1031000138546333
:61:241024D65896,00S1031000138546339
:61:241024D30692,00S1031000138546354
:61:241024D300120,00S1031000138546355
:61:241024D33420,00S1031000138546356
:61:241024D200000,00S1031000138546362
:61:241024D66900,00S1031000138546367
:61:241024D60000,00S1031000138546369
:61:241024D500000,00S1031000138546372
:61:241024D350000,00S1031000138546380
:61:241024D200040,00S1031000138546385
:61:241024D80000,00S1031000138546387
:61:241024D120000,00S1031000138546389
:61:241024D49815,00S1031000138546393
:61:241024D30000,00S1031000138546411
:61:241024D488000,00S1031000138546417
:61:241024D266945,00S1031000138546424
:61:241024D80007,48S1031000138546426
:61:241024D62041,65S1031000138546427
:61:241024D50130,00S1031000138546435
:61:241024D20018,58S1031000138546436
:61:241024D35000,00S1031000138546450
:61:241024D30007,00S1031000138546453
:61:241024D30691,65S1031000138546457
:61:241024D100000,00S1031000138546464
:61:241024D298780,00S1031000138546465
:62F:C241024BDT961763151,12
-}{5:{CHK:CECBEF856A2C}}                                                                                                                                                                                                                               {1:F21AGBKBDDHA0995759847313}{4:{177:2410271516}{451:0}}{1:F01AGBKBDDHA0995759847313}{2:I950EZYRGB2LXXXXN}{4:
:20:AGBKFRDBFC2021
:25:7102
:28C:10/358
:60F:C241024BDT961763151,12
:61:241024D45000,00S1031000138546469
:61:241024D86900,00S1031000138546470
:61:241024D50000,00S1031000138546472
:61:241024D50000,00S1031000138546473
:61:241024D30000,00S1031000138546477
:61:241024D31000,00S1031000138546487
:61:241024D100026,07S1031000138546490
:61:241024D254000,00S1031000138546492
:61:241024D25000,00S1031000138546503
:61:241024D400000,00S1031000138546506
:61:241024D32649,00S1031000138546510
:61:241024D36762,00S1031000138546512
:61:241024D35000,00S1031000138546521
:61:241024D50000,00S1031000138546542
:61:241024D50000,00S1031000138546543
:61:241024D296273,00S1031000138546546
:61:241024D187450,00S1031000138546547
:61:241024D31358,00S1031000138546549
:61:241024D55009,00S1031000138546550
:61:241024D29409,60S1031000138546559
:61:241024D487850,00S1031000138546560
:61:241024D50000,00S1031000138546562
:61:241024D16041,00S1031000138546575
:61:241024D100000,00S1031000138546593
:61:241024D50000,00S1031000138546594
:61:241024D12700,00S1031000138546595
:61:241024D50025,00S1031000138546598
:61:241024D3000,00S1031000138546601
:62F:C241024BDT959117698,45
-}{5:{CHK:4DA3FF6AB0A9}}                                                                                                                                                                                                                                    {1:F21AGBKBDDHA0995759847314}{4:{177:2410271516}{451:0}}{1:F01AGBKBDDHA0995759847314}{2:I950EZYRGB2LXXXXN}{4:
:20:AGBKFRDBFC2021
:25:7102
:28C:10/359
:60F:C241024BDT959117698,45
:61:241024D70014,91S1031000138546605
:61:241024D97600,00S1031000138546616
:61:241024D96917,00S1031000138546617
:61:241024D100000,00S1031000138546621
:61:241024D32751,60S1031000138546629
:61:241024D35000,00S1031000138546635
:61:241024D266700,00S1031000138546645
:61:241024D20000,00S1031000138546648
:61:241024D100000,00S1031000138546652
:61:241024D67843,00S1031000138546658
:61:241024D58550,00S1031000138546661
:61:241024D149730,00S1031000138546667
:61:241024D12715,00S1031000138546669
:61:241024D400000,00S1031000138546671
:61:241024D100000,00S1031000138546674
:61:241024D51700,74S1031000138546679
:61:241024D55009,00S1031000138546685
:61:241024D116301,60S1031000138546687
:61:241024D35030,00S1031000138546690
:61:241024D97565,00S1031000138546700
:61:241024D100000,00S1031000138546701
:61:241024D150000,00S1031000138546704
:61:241024D20000,00S1031000138546705
:61:241024D100000,00S1031000138546710
:61:241024D330000,00S1031000138546718
:61:241024D10000,00S1031000138546719
:61:241024D50025,00S1031000138546723
:61:241024D26660,00S1031000138546725
:62F:C241024BDT956367585,60
-}{5:{CHK:36174E46960D}}                                                                                                                                                                                                                               {1:F21AGBKBDDHA0995759847315}{4:{177:2410271516}{451:0}}{1:F01AGBKBDDHA0995759847315}{2:I950EZYRGB2LXXXXN}{4:
:20:AGBKFRDBFC2021
:25:7102
:28C:10/360
:60F:C241024BDT956367585,60
:61:241024D19015,00S1031000138546727
:61:241024D42777,60S1031000138546728
:61:241024D49000,00S1031000138546730
:61:241024D66840,00S1031000138546735
:61:241024D100259,00S1031000138546736
:61:241024D150000,00S1031000138546740
:61:241024D10000,00S1031000138546743
:61:241024D53472,00S1031000138546745
:61:241024D400000,00S1031000138546746
:61:241024D500000,00S1031000138546751
:61:241024D148000,00S1031000138546754
:61:241024D32751,00S1031000138546762
:61:241024D48800,00S1031000138546765
:61:241024D49510,00S1031000138546770
:61:241024D40000,00S1031000138546776
:61:241024D25000,00S1031000138546783
:61:241024D15000,00S1031000138546787
:61:241024D150000,00S1031000138546793
:61:241024D130000,00S1031000138546805
:61:241024D30000,00S1031000138546806
:61:241024D65000,00S1031000138546817
:61:241024D80007,00S1031000138546824
:61:241024D30011,16S1031000138546825
:61:241024D50025,00S1031000138546827
:61:241024D500000,00S1031000138546838
:61:241024D17010,78S1031000138546839
:61:241024D30000,00S1031000138546869
:61:241024D10000,00S1031000138546878
:62F:C241024BDT953525107,06
-}{5:{CHK:A5CA31651100}}                                                                                                                                                                                                                                  {1:F21AGBKBDDHA0995759847316}{4:{177:2410271516}{451:0}}{1:F01AGBKBDDHA0995759847316}{2:I950EZYRGB2LXXXXN}{4:
:20:AGBKFRDBFC2021
:25:7102
:28C:10/361
:60F:C241024BDT953525107,06
:61:241024D85000,00S1031000138546881
:61:241024D200000,00S1031000138546883
:61:241024D50000,00S1031000138546884
:61:241024D5013,00S1031000138546885
:61:241024D16537,00S1031000138546891
:61:241024D10000,00S1031000138546893
:61:241024D250000,00S1031000138546896
:61:241024D15000,00S1031000138546899
:61:241024D110000,00S1031000138546909
:61:241024D50000,00S1031000138546915
:61:241024D266940,00S1031000138546933
:61:241024D89900,00S1031000138546934
:61:241024D165525,00S1031000138546937
:61:241024D300111,00S1031000138546942
:61:241024D20018,58S1031000138546943
:61:241024D50000,00S1031000138546944
:61:241024D167100,00S1031000138546947
:61:241024D100000,00S1031000138546969
:61:241024D57000,00S1031000138546972
:61:241024D23500,00S1031000138546973
:61:241024D30500,00S1031000138546978
:61:241024D35975,00S1031000138546982
:61:241024D53475,00S1031000138546983
:61:241024D78065,00S1031000138547003
:61:241024D49000,00S1031000138547005
:61:241024D420000,00S1031000138547007
:61:241024D45000,00S1031000138547013
:61:241024D58538,00S1031000138547021
:62F:C241024BDT950722909,48
-}{5:{CHK:0F4DDD197D25}}                                                                                                                                                                                                                                  {1:F21AGBKBDDHA0995759847317}{4:{177:2410271517}{451:0}}{1:F01AGBKBDDHA0995759847317}{2:I950EZYRGB2LXXXXN}{4:
:20:AGBKFRDBFC2021
:25:7102
:28C:10/362
:60F:C241024BDT950722909,48
:61:241024D39328,00S1031000138547022
:61:241024D60000,00S1031000138547037
:61:241024D32751,00S1031000138547041
:61:241024D82880,00S1031000138547042
:61:241024D50000,00S1031000138547053
:61:241024D200000,00S1031000138547060
:61:241024D115031,65S1031000138547081
:61:241024D27560,00S1031000138547084
:61:241024D50000,00S1031000138547085
:61:241024D60000,00S1031000138547087
:61:241024D300000,00S1031000138547090
:61:241024D50000,00S1031000138547091
:61:241024D40000,00S1031000138547093
:61:241024D70000,00S1031000138547100
:61:241024D267360,00S1031000138547101
:61:241024D49420,00S1031000138547102
:61:241024D32657,00S1031000138547103
:61:241024D62045,00S1031000138547112
:61:241024D55000,00S1031000138547114
:61:241024D68315,00S1031000138547121
:61:241024D333530,00S1031000138547122
:61:241024D76270,00S1031000138547135
:61:241024D36094,00S1031000138547150
:61:241024D75200,00S1031000138547161
:61:241024D100000,00S1031000138547162
:61:241024D250000,00S1031000138547164
:61:241024D34022,00S1031000138547166
:61:241024D36751,00S1031000138547185
:62F:C241024BDT948068694,83
-}{5:{CHK:25325DA85339}}                                                                                                                                                                                                                                   {1:F21AGBKBDDHA0995759847318}{4:{177:2410271517}{451:0}}{1:F01AGBKBDDHA0995759847318}{2:I950EZYRGB2LXXXXN}{4:
:20:AGBKFRDBFC2021
:25:7102
:28C:10/363
:60F:C241024BDT948068694,83
:61:241024D165900,00S1031000138547190
:61:241024D35024,00S1031000138547193
:61:241024D195200,00S1031000138547200
:61:241024D209815,00S1031000138547204
:61:241024D50000,00S1031000138547215
:61:241024D99600,00S1031000138547216
:61:241024D55000,00S1031000138547230
:61:241024D266691,60S1031000138547232
:61:241024D26068,00S1031000138547236
:61:241024D82960,00S1031000138547242
:61:241024D133015,00S1031000138547244
:61:241024D50130,00S1031000138547247
:61:241024D206250,00S1031000138547251
:61:241024D100000,00S1031000138547252
:61:241024D80000,00S1031000138547257
:61:241024D150000,00S1031000138547262
:61:241024D22000,00S1031000138547263
:61:241024D100026,00S1031000138547269
:61:241024D200000,00S1031000138547274
:61:241024D167100,00S1031000138547276
:61:241024D33420,00S1031000138547281
:61:241024D50000,00S1031000138547283
:61:241024D280000,00S1031000138547295
:61:241024D198740,00S1031000138547296
:61:241024D73000,00S1031000138547300
:61:241024D100000,00S1031000138547303
:61:241024D32755,00S1031000138547307
:61:241024D43011,00S1031000138547313
:62F:C241024BDT944862989,23
-}{5:{CHK:EAD151DA5DDB}}                                                                                                                                                                                                                            {1:F21AGBKBDDHA0995759847319}{4:{177:2410271517}{451:0}}{1:F01AGBKBDDHA0995759847319}{2:I950EZYRGB2LXXXXN}{4:
:20:AGBKFRDBFC2021
:25:7102
:28C:10/364
:60F:C241024BDT944862989,23
:61:241024D215559,00S1031000138547316
:61:241024D100000,00S1031000138547325
:61:241024D100000,00S1031000138547326
:61:241024D45000,00S1031000138547341
:61:241024D50000,00S1031000138547342
:61:241024D50000,00S1031000138547345
:61:241024D19383,60S1031000138547346
:61:241024D500000,00S1031000138547352
:61:241024D60000,00S1031000138547364
:61:241024D170000,00S1031000138547365
:61:241024D46470,00S1031000138547374
:61:241024D150022,00S1031000138547382
:61:241024D53472,00S1031000138547385
:61:241024D50000,00S1031000138547386
:61:241024D32751,00S1031000138547398
:61:241024D50000,00S1031000138547412
:61:241024D50000,00S1031000138547415
:61:241024D54474,00S1031000138547418
:61:241024D50000,00S1031000138547428
:61:241024D100000,00S1031000138547433
:61:241024D70000,00S1031000138547435
:61:241024D40990,00S1031000138547436
:61:241024D166431,61S1031000138547442
:61:241024D50000,00S1031000138547449
:61:241024D79620,00S1031000138547454
:61:241024D77869,00S1031000138547457
:61:241024D30000,00S1031000138547462
:61:241024D200000,00S1031000138547467
:62F:C241024BDT942200947,02
-}{5:{CHK:D44C38E6F277}}                                                                                                                                                                                                                                 {1:F21AGBKBDDHA0995759847320}{4:{177:2410271517}{451:0}}{1:F01AGBKBDDHA0995759847320}{2:I950EZYRGB2LXXXXN}{4:
:20:AGBKFRDBFC2021
:25:7102
:28C:10/365
:60F:C241024BDT942200947,02
:61:241024D50000,00S1031000138547468
:61:241024D22730,00S1031000138547470
:61:241024D98000,00S1031000138547472
:61:241024D80007,00S1031000138547473
:61:241024D150000,00S1031000138547475
:61:241024D40000,00S1031000138547485
:61:241024D100000,00S1031000138547486
:61:241024D105748,00S1031000138547496
:61:241024D25000,00S1031000138547505
:61:241024D50000,00S1031000138547512
:61:241024D20000,00S1031000138547514
:61:241024D20000,00S1031000138547515
:61:241024D132316,00S1031000138547524
:61:241024D50000,00S1031000138547525
:61:241024D66000,00S1031000138547529
:61:241024D30705,00S1031000138547530
:61:241024D50000,00S1031000138547536
:61:241024D300000,00S1031000138547541
:61:241024D50000,00S1031000138547547
:61:241024D116410,00S1031000138547553
:61:241024D50000,00S1031000138547556
:61:241024D20000,00S1031000138547559
:61:241024D200000,00S1031000138547567
:61:241024D11050,00S1031000138547570
:61:241024D156095,00S1031000138547573
:61:241024D30000,00S1031000138547574
:61:241024D30000,00S1031000138547585
:61:241024D223920,00S1031000138547592
:62F:C241024BDT939922966,02
-}{5:{CHK:2E1DD223B260}}                                                                                                                                                                                                                                 {1:F21AGBKBDDHA0995759847321}{4:{177:2410271518}{451:0}}{1:F01AGBKBDDHA0995759847321}{2:I950EZYRGB2LXXXXN}{4:
:20:AGBKFRDBFC2021
:25:7102
:28C:10/366
:60F:C241024BDT939922966,02
:61:241024D100000,00S1031000138547596
:61:241024D63099,00S1031000138547597
:61:241024D20000,00S1031000138547599
:61:241024D20000,00S1031000138547603
:61:241024D50000,00S1031000138547605
:61:241024D69179,00S1031000138547612
:61:241024D58120,00S1031000138547613
:61:241024D62557,00S1031000138547615
:61:241024D292690,00S1031000138547616
:61:241024D128995,94S1031000138547617
:61:241024D30051,00S1031000138547622
:61:241024D51000,00S1031000138547627
:61:241024D73525,00S1031000138547632
:61:241024D15000,00S1031000138547636
:61:241024D211740,00S1031000138547645
:61:241024D500000,00S1031000138547646
:61:241024D344195,00S1031000138547647
:61:241024D150000,00S1031000138547661
:61:241024D39330,00S1031000138547663
:61:241024D100030,00S1031000138547668
:61:241024D42780,00S1031000138547674
:61:241024D180470,00S1031000138547693
:61:241024D130005,00S1031000138547695
:61:241024D63835,00S1031000138547696
:61:241024D30000,00S1031000138547714
:61:241024D235620,00S1031000138547720
:61:241024D262363,00S1031000138547735
:61:241024D89565,00S1031000138547742
:62F:C241024BDT936508816,08
-}{5:{CHK:F90C034647AF}}                                                                                                                                                                                                                              {1:F21AGBKBDDHA0995759847322}{4:{177:2410271518}{451:0}}{1:F01AGBKBDDHA0995759847322}{2:I950EZYRGB2LXXXXN}{4:
:20:AGBKFRDBFC2021
:25:7102
:28C:10/367
:60F:C241024BDT936508816,08
:61:241024D281630,00S1031000138547744
:61:241024D50000,00S1031000138547747
:61:241024D76200,00S1031000138547756
:61:241024D239112,00S1031000138547759
:61:241024D35000,00S1031000138547763
:61:241024D133011,61S1031000138547766
:61:241024D50000,00S1031000138547771
:61:241024D30000,00S1031000138547787
:61:241024D19515,00S1031000138547788
:61:241024D30000,00S1031000138547792
:61:241024D38910,00S1031000138547796
:61:241024D49461,60S1031000138547797
:61:241024D140029,00S1031000138547798
:61:241024D70520,00S1031000138547806
:61:241024D185380,00S1031000138547808
:61:241024D50000,00S1031000138547810
:61:241024D30000,00S1031000138547815
:61:241024D50435,00S1031000138547821
:61:241024D150390,00S1031000138547840
:61:241024D20000,00S1031000138547851
:61:241024D150000,00S1031000138547853
:61:241024D50029,00S1031000138547854
:61:241024D35980,00S1031000138547856
:61:241024D200520,00S1031000138547866
:61:241024D100000,00S1031000138547868
:61:241024D119650,00S1031000138547871
:61:241024D20000,00S1031000138547875
:61:241024D105410,00S1031000138547880
:62F:C241024BDT933997632,87
-}{5:{CHK:140039A0531B}}                                                                                                                                                                                                                               {1:F21AGBKBDDHA0995759847323}{4:{177:2410271519}{451:0}}{1:F01AGBKBDDHA0995759847323}{2:I950EZYRGB2LXXXXN}{4:
:20:AGBKFRDBFC2021
:25:7102
:28C:10/368
:60F:C241024BDT933997632,87
:61:241024D96010,00S1031000138547899
:61:241024D167099,00S1031000138547906
:61:241024D180000,00S1031000138547920
:61:241024D33460,00S1031000138547924
:61:241024D60000,00S1031000138547930
:61:241024D266691,00S1031000138547931
:61:241024D68511,00S1031000138547932
:61:241024D43450,00S1031000138547937
:61:241024D52820,00S1031000138547942
:61:241024D195130,00S1031000138547958
:61:241024D52855,00S1031000138547960
:61:241024D140000,00S1031000138547965
:61:241024D105000,00S1031000138547968
:61:241024D37764,00S1031000138547975
:61:241024D40104,00S1031000138547985
:61:241024D67842,00S1031000138547986
:61:241024D35024,00S1031000138547996
:61:241024D50000,00S1031000138548005
:61:241024D85020,00S1031000138548006
:61:241024D48793,00S1031000138548027
:61:241024D66180,00S1031000138548028
:61:241024D25000,00S1031000138548029
:61:241024D50000,00S1031000138548034
:61:241024D170442,00S1031000138548049
:61:241024D50030,00S1031000138548058
:61:241024D500000,00S1031000138548062
:61:241024D52564,00S1031000138548074
:61:241024D334200,00S1031000138548080
:62F:C241024BDT930923643,87
-}{5:{CHK:619957F42967}}                                                                                                                                                                                                                                 {1:F21AGBKBDDHA0995759847324}{4:{177:2410271519}{451:0}}{1:F01AGBKBDDHA0995759847324}{2:I950EZYRGB2LXXXXN}{4:
:20:AGBKFRDBFC2021
:25:7102
:28C:10/369
:60F:C241024BDT930923643,87
:61:241024D20000,00S1031000138548082
:61:241024D150390,00S1031000138548092
:61:241024D166050,00S1031000138548098
:61:241024D800000,00S1031000138548101
:61:241024D240000,00S1031000138548105
:61:241024D50000,00S1031000138548108
:61:241024D53472,00S1031000138548112
:61:241024D66910,00S1031000138548116
:61:241024D37000,00S1031000138548120
:61:241024D90000,00S1031000138548129
:61:241024D50000,00S1031000138548142
:61:241024D199672,00S1031000138548145
:61:241024D69580,00S1031000138548148
:61:241024D99100,00S1031000138548149
:61:241024D53650,00S1031000138548150
:61:241024D26000,00S1031000138548151
:61:241024D168103,00S1031000138548158
:61:241024D12000,00S1031000138548165
:61:241024D200000,00S1031000138548167
:61:241024D43500,00S1031000138548169
:61:241024D35024,00S1031000138548172
:61:241024D66180,00S1031000138548173
:61:241024D16000,00S1031000138548178
:61:241024D50029,00S1031000138548179
:61:241024D153732,02S1031000138548180
:61:241024D66171,00S1031000138548187
:61:241024D99925,00S1031000138548192
:61:241024D20000,00S1031000138548195
:62F:C241024BDT927821155,85
-}{5:{CHK:22C2A14E2CAC}}                                                                                                                                                                                                                                  {1:F21AGBKBDDHA0995759847325}{4:{177:2410271519}{451:0}}{1:F01AGBKBDDHA0995759847325}{2:I950EZYRGB2LXXXXN}{4:
:20:AGBKFRDBFC2021
:25:7102
:28C:10/370
:60F:C241024BDT927821155,85
:61:241024D60000,00S1031000138548202
:61:241024D7950,00S1031000138548203
:61:241024D72190,00S1031000138548204
:61:241024D50130,00S1031000138548205
:61:241024D208207,00S1031000138548207
:61:241024D78050,00S1031000138548211
:61:241024D20020,00S1031000138548213
:61:241024D5000,00S1031000138548221
:61:241024D132726,00S1031000138548241
:61:241024D80000,00S1031000138548248
:61:241024D150000,00S1031000138548252
:61:241024D76810,00S1031000138548257
:61:241024D83550,00S1031000138548258
:61:241024D75000,00S1031000138548269
:61:241024D50029,74S1031000138548273
:61:241024D465000,00S1031000138548276
:61:241024D100026,00S1031000138548279
:61:241024D40000,00S1031000138548283
:61:241024D114015,00S1031000138548285
:61:241024D110290,00S1031000138548288
:61:241024D240000,00S1031000138548290
:61:241024D80208,00S1031000138548292
:61:241024D100000,00S1031000138548300
:61:241024D39435,00S1031000138548304
:61:241024D75000,00S1031000138548309
:61:241024D266945,00S1031000138548316
:61:241024D500000,00S1031000138548322
:61:241024D400000,00S1031000138548330
:62F:C241024BDT924140574,11
-}{5:{CHK:5B21FB81CFE8}}                                                                                                                                                                                                                                {1:F21AGBKBDDHA0995759847326}{4:{177:2410271519}{451:0}}{1:F01AGBKBDDHA0995759847326}{2:I950EZYRGB2LXXXXN}{4:
:20:AGBKFRDBFC2021
:25:7102
:28C:10/371
:60F:C241024BDT924140574,11
:61:241024D97920,00S1031000138548332
:61:241024D150000,00S1031000138548336
:61:241024D29410,00S1031000138548340
:61:241024D72855,00S1031000138548342
:61:241024D99758,00S1031000138548344
:61:241024D100000,00S1031000138548346
:61:241024D166431,00S1031000138548355
:61:241024D100000,00S1031000138548364
:61:241024D50000,00S1031000138548370
:61:241024D67488,00S1031000138548372
:61:241024D200000,00S1031000138548385
:61:241024D266946,00S1031000138548389
:61:241024D634315,00S1031000138548393
:61:241024D300011,00S1031000138548396
:61:241024D266700,00S1031000138548402
:61:241024D33450,00S1031000138548407
:61:241024D667735,00S1031000138548414
:61:241024D30245,00S1031000138548423
:61:241024D10025,00S1031000138548425
:61:241024D50000,00S1031000138548428
:61:241024D100000,00S1031000138548429
:61:241024D30000,00S1031000138548431
:61:241024D32810,00S1031000138548436
:61:241024D59487,60S1031000138548440
:61:241024D36093,00S1031000138548449
:61:241024D100000,00S1031000138548451
:61:241024D230000,00S1031000138548452
:61:241024D500000,00S1031000138548467
:62F:C241024BDT919658894,51
-}{5:{CHK:70EA804D9F7F}}                                                                                                                                                                                                                            {1:F21AGBKBDDHA0995759847327}{4:{177:2410271520}{451:0}}{1:F01AGBKBDDHA0995759847327}{2:I950EZYRGB2LXXXXN}{4:
:20:AGBKFRDBFC2021
:25:7102
:28C:10/372
:60F:C241024BDT919658894,51
:61:241024D85825,00S1031000138548469
:61:241024D74526,00S1031000138548476
:61:241024D66172,00S1031000138548487
:61:241024D22725,00S1031000138548489
:61:241024D100000,00S1031000138548494
:61:241024D30011,00S1031000138548505
:61:241024D30011,00S1031000138548507
:61:241024D195130,00S1031000138548514
:61:241024D200000,00S1031000138548532
:61:241024D42777,60S1031000138548537
:61:241024D25000,00S1031000138548548
:61:241024D100000,00S1031000138548549
:61:241024D27672,00S1031000138548551
:61:241024D70000,00S1031000138548554
:61:241024D333531,00S1031000138548555
:61:241024D500000,00S1031000138548560
:61:241024D33420,00S1031000138548561
:61:241024D20018,58S1031000138548562
:61:241024D100000,00S1031000138548577
:61:241024D159500,00S1031000138548587
:61:241024D40000,00S1031000138548595
:61:241024D300111,00S1031000138548599
:61:241024D120000,00S1031000138548600
:61:241024D100000,00S1031000138548605
:61:241024D100000,00S1031000138548610
:61:241024D290019,00S1031000138548611
:61:241024D30011,00S1031000138548613
:61:241024D117080,00S1031000138548617
:62F:C241024BDT916345354,33
-}{5:{CHK:D4BBE114F770}}                                                                                                                                                                                                                            {1:F21AGBKBDDHA0995759847328}{4:{177:2410271520}{451:0}}{1:F01AGBKBDDHA0995759847328}{2:I950EZYRGB2LXXXXN}{4:
:20:AGBKFRDBFC2021
:25:7102
:28C:10/373
:60F:C241024BDT916345354,33
:61:241024D200000,00S1031000138548619
:61:241024D20013,00S1031000138548625
:61:241024D48785,00S1031000138548626
:61:241024D75850,00S1031000138548630
:61:241024D39852,00S1031000138548631
:61:241024D120000,00S1031000138548634
:61:241024D40004,00S1031000138548636
:61:241024D333531,60S1031000138548638
:61:241024D72925,00S1031000138548639
:61:241024D127000,00S1031000138548641
:61:241024D42603,00S1031000138548646
:61:241024D24000,00S1031000138548647
:61:241024D130000,00S1031000138548648
:61:241024D50029,74S1031000138548649
:61:241024D66132,00S1031000138548658
:61:241024D477103,00S1031000138548659
:61:241024D60000,00S1031000138548669
:61:241024D30000,00S1031000138548677
:61:241024D102933,60S1031000138548682
:61:241024D19383,60S1031000138548686
:61:241024D10000,00S1031000138548692
:61:241024D199860,00S1031000138548694
:61:241024D100000,00S1031000138548700
:61:241024D50029,74S1031000138548709
:61:241024D56146,00S1031000138548715
:61:241024D43173,00S1031000138548718
:61:241024D29285,00S1031000138548724
:61:241024D30011,00S1031000138548732
:62F:C241024BDT913746704,05
-}{5:{CHK:A6ACEF5D86D0}}                                                                                                                                                                                                                                 {1:F21AGBKBDDHA0995759847329}{4:{177:2410271520}{451:0}}{1:F01AGBKBDDHA0995759847329}{2:I950EZYRGB2LXXXXN}{4:
:20:AGBKFRDBFC2021
:25:7102
:28C:10/374
:60F:C241024BDT913746704,05
:61:241024D40000,00S1031000138548734
:61:241024D133012,00S1031000138548742
:61:241024D650000,00S1031000138548744
:61:241024D93000,00S1031000138548750
:61:241024D20000,00S1031000138548751
:61:241024D50029,74S1031000138548752
:61:241024D35024,00S1031000138548762
:61:241024D99591,61S1031000138548765
:61:241024D4981,00S1031000138548766
:61:241024D300000,00S1031000138548773
:61:241024D56012,00S1031000138548774
:61:241024D300000,00S1031000138548775
:61:241024D100011,00S1031000138548789
:61:241024D97600,00S1031000138548790
:61:241024D200000,00S1031000138548794
:61:241024D413210,00S1031000138548795
:61:241024D45970,94S1031000138548797
:61:241024D70000,00S1031000138548803
:61:241024D100000,00S1031000138548808
:61:241024D488000,00S1031000138548814
:61:241024D266940,00S1031000138548816
:61:241024D47523,00S1031000138548827
:61:241024D52000,00S1031000138548830
:61:241024D30695,00S1031000138548836
:61:241024D30000,00S1031000138548837
:61:241024D50029,00S1031000138548842
:61:241024D39328,94S1031000138548846
:61:241024D55882,00S1031000138548849
:62F:C241024BDT909877863,82
-}{5:{CHK:E7BABE7E72EF}}                                                                                                                                                                                                                                 {1:F21AGBKBDDHA0995759847330}{4:{177:2410271520}{451:0}}{1:F01AGBKBDDHA0995759847330}{2:I950EZYRGB2LXXXXN}{4:
:20:AGBKFRDBFC2021
:25:7102
:28C:10/375
:60F:C241024BDT909877863,82
:61:241024D90000,00S1031000138548855
:61:241024D50029,00S1031000138548859
:61:241024D300000,00S1031000138548860
:61:241024D37007,00S1031000138548866
:61:241024D200018,00S1031000138548870
:61:241024D40003,74S1031000138548871
:61:241024D333531,00S1031000138548874
:61:241024D266947,00S1031000138548876
:61:241024D33320,00S1031000138548882
:61:241024D200000,00S1031000138548884
:61:241024D32016,00S1031000138548888
:61:241024D20000,00S1031000138548897
:61:241024D11551,00S1031000138548901
:61:241024D66180,00S1031000138548924
:61:241024D26000,00S1031000138548931
:61:241024D50000,00S1031000138548932
:61:241024D98250,00S1031000138548944
:61:241024D20061,00S1031000138548946
:61:241024D50029,74S1031000138548959
:61:241024D25000,00S1031000138548961
:61:241024D50160,00S1031000138548963
:61:241024D334200,03S1031000138548967
:61:241024D13500,00S1031000138548969
:61:241024D100025,00S1031000138548976
:61:241024D199851,00S1031000138548978
:61:241024D200000,00S1031000138548980
:61:241024D160420,00S1031000138548983
:61:241024D216561,60S1031000138548989
:62F:C241024BDT906653202,71
-}{5:{CHK:50E7B4445151}}                                                                                                                                                                                                                               {1:F21AGBKBDDHA0995759847331}{4:{177:2410271521}{451:0}}{1:F01AGBKBDDHA0995759847331}{2:I950EZYRGB2LXXXXN}{4:
:20:AGBKFRDBFC2021
:25:7102
:28C:10/376
:60F:C241024BDT906653202,71
:61:241024D60000,00S1031000138548990
:61:241024D132972,00S1031000138548997
:61:241024D333531,00S1031000138548999
:61:241024D10000,00S1031000138549004
:61:241024D50029,00S1031000138549008
:61:241024D100000,00S1031000138549009
:61:241024D60000,00S1031000138549014
:61:241024D314148,00S1031000138549015
:61:241024D145500,00S1031000138549025
:61:241024D10000,00S1031000138549031
:61:241024D39435,00S1031000138549040
:61:241024D86000,00S1031000138549042
:61:241024D55000,00S1031000138549045
:61:241024D413210,00S1031000138549048
:61:241024D334635,00S1031000138549049
:61:241024D300000,00S1031000138549053
:61:241024D400000,00S1031000138549060
:61:241024D129800,00S1031000138549061
:61:241024D36765,00S1031000138549064
:61:241024D333530,00S1031000138549065
:61:241024D66171,00S1031000138549070
:61:241024D333535,00S1031000138549071
:61:241024D500000,00S1031000138549072
:61:241024D200000,00S1031000138549074
:61:241024D60022,00S1031000138549077
:61:241024D200000,00S1031000138549080
:61:241024D62580,00S1031000138549084
:61:241024D30011,16S1031000138549094
:62F:C241024BDT901856328,55
-}{5:{CHK:0A5100F36310}}                                                                                                                                                                                                                           {1:F21AGBKBDDHA0995759847332}{4:{177:2410271521}{451:0}}{1:F01AGBKBDDHA0995759847332}{2:I950EZYRGB2LXXXXN}{4:
:20:AGBKFRDBFC2021
:25:7102
:28C:10/377
:60F:C241024BDT901856328,55
:61:241024D162415,00S1031000138549095
:61:241024D70190,00S1031000138549103
:61:241024D32000,00S1031000138549104
:61:241024D19515,00S1031000138549105
:61:241024D100000,00S1031000138549109
:61:241024D20000,00S1031000138549110
:61:241024D99591,00S1031000138549116
:61:241024D22725,60S1031000138549118
:61:241024D25000,00S1031000138549122
:61:241024D300011,34S1031000138549125
:61:241024D266936,00S1031000138549130
:61:241024D82960,00S1031000138549131
:61:241024D97565,00S1031000138549132
:61:241024D16041,60S1031000138549136
:61:241024D65000,00S1031000138549141
:61:241024D100000,00S1031000138549149
:61:241024D120000,00S1031000138549159
:61:241024D34422,00S1031000138549160
:61:241024D1000000,00S1031000138549162
:61:241024D100000,00S1031000138549164
:61:241024D19400,00S1031000138549165
:61:241024D25000,00S1031000138549168
:61:241024D99016,00S1031000138549171
:61:241024D249647,00S1031000138549174
:61:241024D20000,00S1031000138549177
:61:241024D100260,01S1031000138549181
:61:241024D30000,00S1031000138549187
:61:241024D103601,00S1031000138549191
:62F:C241024BDT898475032,00
-}{5:{CHK:1A7C29393FD1}}                                                                                                                                                                                                                              {1:F21AGBKBDDHA0995759847333}{4:{177:2410271521}{451:0}}{1:F01AGBKBDDHA0995759847333}{2:I950EZYRGB2LXXXXN}{4:
:20:AGBKFRDBFC2021
:25:7102
:28C:10/378
:60F:C241024BDT898475032,00
:61:241024D81210,60S1031000138549193
:61:241024D149721,00S1031000138549210
:61:241024D50029,00S1031000138549213
:61:241024D80000,00S1031000138549215
:61:241024D116305,00S1031000138549220
:61:241024D300000,00S1031000138549221
:61:241024D20000,00S1031000138549222
:61:241024D97160,00S1031000138549231
:61:241024D30000,00S1031000138549234
:61:241024D60000,00S1031000138549241
:61:241024D200000,00S1031000138549243
:61:241024D33450,00S1031000138549244
:61:241024D333531,00S1031000138549246
:61:241024D40000,00S1031000138549251
:61:241024D183310,00S1031000138549252
:61:241024D50000,00S1031000138549253
:61:241024D150015,00S1031000138549255
:61:241024D22726,00S1031000138549257
:61:241024D35024,00S1031000138549260
:61:241024D65000,00S1031000138549266
:61:241024D70014,00S1031000138549267
:61:241024D152400,00S1031000138549273
:61:241024D40000,00S1031000138549276
:61:241024D100025,00S1031000138549279
:61:241024D70250,00S1031000138549281
:61:241024D234010,00S1031000138549286
:61:241024D90000,00S1031000138549292
:61:241024D150000,00S1031000138549294
:62F:C241024BDT895470851,40
-}{5:{CHK:C0116FC93D3A}}                                                                                                                                                                                                                               {1:F21AGBKBDDHA0995759847334}{4:{177:2410271521}{451:0}}{1:F01AGBKBDDHA0995759847334}{2:I950EZYRGB2LXXXXN}{4:
:20:AGBKFRDBFC2021
:25:7102
:28C:10/379
:60F:C241024BDT895470851,40
:61:241024D80000,85S1031000138549304
:61:241024D100000,00S1031000138549308
:61:241024D46370,00S1031000138549321
:61:241024D25000,00S1031000138549322
:61:241024D65000,00S1031000138549323
:61:241024D216561,00S1031000138549331
:61:241024D250014,00S1031000138549332
:61:241024D40104,00S1031000138549334
:61:241024D40003,00S1031000138549336
:61:241024D101263,00S1031000138549338
:61:241024D200000,00S1031000138549339
:61:241024D50000,00S1031000138549343
:61:241024D200000,00S1031000138549350
:61:241024D115000,00S1031000138549354
:61:241024D50000,00S1031000138549356
:61:241024D100000,00S1031000138549360
:61:241024D333515,00S1031000138549365
:61:241024D50000,00S1031000138549381
:61:241024D178300,00S1031000138549385
:61:241024D199851,00S1031000138549396
:61:241024D200000,00S1031000138549405
:61:241024D10000,00S1031000138549418
:61:241024D41820,00S1031000138549419
:61:241024D130000,00S1031000138549433
:61:241024D50000,00S1031000138549434
:61:241024D180630,00S1031000138549437
:61:241024D50000,00S1031000138549441
:61:241024D307300,00S1031000138549444
:62F:C241024BDT892060119,55
-}{5:{CHK:F43182859C14}}                                                                                                                                                                                                                           {1:F21AGBKBDDHA0995759847335}{4:{177:2410271522}{451:0}}{1:F01AGBKBDDHA0995759847335}{2:I950EZYRGB2LXXXXN}{4:
:20:AGBKFRDBFC2021
:25:7102
:28C:10/380
:60F:C241024BDT892060119,55
:61:241024D100000,00S1031000138549446
:61:241024D70015,00S1031000138549447
:61:241024D439025,00S1031000138549473
:61:241024D100000,00S1031000138549478
:61:241024D76200,00S1031000138549481
:61:241024D40000,00S1031000138549482
:61:241024D32725,00S1031000138549484
:61:241024D99591,60S1031000138549485
:61:241024D37753,00S1031000138549486
:61:241024D250010,00S1031000138549491
:61:241024D49462,00S1031000138549494
:61:241024D32760,00S1031000138549496
:61:241024D30078,00S1031000138549497
:61:241024D100000,00S1031000138549499
:61:241024D45000,00S1031000138549501
:61:241024D20000,00S1031000138549502
:61:241024D133000,00S1031000138549503
:61:241024D30000,00S1031000138549504
:61:241024D173115,00S1031000138549518
:61:241024D202581,00S1031000138549523
:61:241024D112959,00S1031000138549524
:61:241024D100000,00S1031000138549527
:61:241024D300011,00S1031000138549531
:61:241024D200700,00S1031000138549543
:61:241024D391014,00S1031000138549546
:61:241024D287880,00S1031000138549547
:61:241024D150000,00S1031000138549549
:61:241024D25000,00S1031000138549553
:62F:C241024BDT888431239,95
-}{5:{CHK:6DD122066B55}}                                                                                                                                                                                                                           {1:F21AGBKBDDHA0995759847336}{4:{177:2410271522}{451:0}}{1:F01AGBKBDDHA0995759847336}{2:I950EZYRGB2LXXXXN}{4:
:20:AGBKFRDBFC2021
:25:7102
:28C:10/381
:60F:C241024BDT888431239,95
:61:241024D50130,00S1031000138549556
:61:241024D50000,00S1031000138549562
:61:241024D117003,42S1031000138549572
:61:241024D50020,00S1031000138549578
:61:241024D1000,00S1031000138549587
:61:241024D55009,00S1031000138549590
:61:241024D206540,00S1031000138549601
:61:241024D333531,00S1031000138549612
:61:241024D208410,00S1031000138549613
:61:241024D294008,00S1031000138549617
:61:241024D100000,00S1031000138549627
:61:241024D100000,00S1031000138549629
:61:241024D266935,00S1031000138549645
:61:241024D79539,61S1031000138549646
:61:241024D36140,00S1031000138549648
:61:241024D60000,00S1031000138549654
:61:241024D200520,00S1031000138549656
:61:241024D70000,00S1031000138549658
:61:241024D167100,00S1031000138549665
:61:241024D30000,00S1031000138549671
:61:241024D40000,00S1031000138549677
:61:241024D60000,00S1031000138549687
:61:241024D49505,00S1031000138549696
:61:241024D267360,00S1031000138549698
:61:241024D139000,00S1031000138549702
:61:241024D110000,00S1031000138549703
:61:241024D44262,00S1031000138549706
:61:241024D100000,00S1031000138549712
:62F:C241024BDT885145226,92
-}{5:{CHK:FF1A5D71F167}}                                                                                                                                                                                                                             {1:F21AGBKBDDHA0995759847337}{4:{177:2410271522}{451:0}}{1:F01AGBKBDDHA0995759847337}{2:I950EZYRGB2LXXXXN}{4:
:20:AGBKFRDBFC2021
:25:7102
:28C:10/382
:60F:C241024BDT885145226,92
:61:241024D100000,00S1031000138549717
:61:241024D255125,00S1031000138549730
:61:241024D105645,00S1031000138549735
:61:241024D42000,00S1031000138549736
:61:241024D25000,00S1031000138549738
:61:241024D91200,00S1031000138549743
:61:241024D180468,00S1031000138549745
:61:241024D19383,60S1031000138549748
:61:241024D40000,00S1031000138549752
:61:241024D63498,00S1031000138549754
:61:241024D73657,00S1031000138549759
:61:241024D150025,00S1031000138549768
:61:241024D433662,00S1031000138549771
:61:241024D150000,00S1031000138549781
:61:241024D38000,00S1031000138549787
:61:241024D50000,00S1031000138549791
:61:241024D80000,00S1031000138549792
:61:241024D66367,00S1031000138549800
:61:241024D205533,00S1031000138549815
:61:241024D36093,00S1031000138549817
:61:241024D32752,00S1031000138549826
:61:241024D300779,00S1031000138549831
:61:241024D50000,00S1031000138549832
:61:241024D102935,60S1031000138549837
:61:241024D60022,32S1031000138549838
:61:241024D124021,62S1031000138549846
:61:241024D50000,00S1031000138549847
:61:241024D80000,00S1031000138549858
:62F:C241024BDT882139059,78
-}{5:{CHK:4891EC57A81A}}                                                                                                                                                                                                                               {1:F21AGBKBDDHA0995759847338}{4:{177:2410271523}{451:0}}{1:F01AGBKBDDHA0995759847338}{2:I950EZYRGB2LXXXXN}{4:
:20:AGBKFRDBFC2021
:25:7102
:28C:10/383
:60F:C241024BDT882139059,78
:61:241024D200018,00S1031000138549859
:61:241024D115700,00S1031000138549867
:61:241024D400000,00S1031000138549869
:61:241024D100260,00S1031000138549871
:61:241024D50020,00S1031000138549877
:61:241024D300000,00S1031000138549879
:61:241024D40000,00S1031000138549880
:61:241024D314152,00S1031000138549881
:61:241024D187096,00S1031000138549893
:61:241024D42603,00S1031000138549899
:61:241024D40000,00S1031000138549903
:61:241024D36728,58S1031000138549905
:61:241024D60000,00S1031000138549911
:61:241024D10020,00S1031000138549915
:61:241024D86223,60S1031000138549924
:61:241024D49291,00S1031000138549925
:61:241024D72855,61S1031000138549926
:61:241024D266947,00S1031000138549936
:61:241024D97565,00S1031000138549938
:61:241024D77021,00S1031000138549942
:61:241024D200000,00S1031000138549944
:61:241024D33420,00S1031000138549947
:61:241024D266946,00S1031000138549964
:61:241024D105750,00S1031000138549967
:61:241024D20000,00S1031000138549973
:61:241024D59545,00S1031000138549977
:61:241024D25000,00S1031000138549981
:61:241024D25065,00S1031000138549986
:62F:C241024BDT878856832,99
-}{5:{CHK:352BF95EABA9}}                                                                                                                                                                                                                               {1:F21AGBKBDDHA0995759847339}{4:{177:2410271523}{451:0}}{1:F01AGBKBDDHA0995759847339}{2:I950EZYRGB2LXXXXN}{4:
:20:AGBKFRDBFC2021
:25:7102
:28C:10/384
:60F:C241024BDT878856832,99
:61:241024D51800,00S1031000138549987
:61:241024D50029,74S1031000138549989
:61:241024D200000,00S1031000138549990
:61:241024D21054,00S1031000138549992
:61:241024D40000,00S1031000138549995
:61:241024D33420,00S1031000138549999
:61:241024D32686,90S1031000138550001
:61:241024D118950,00S1031000138550005
:61:241024D235000,00S1031000138550010
:61:241024D203200,00S1031000138550014
:61:241024D60220,00S1031000138550018
:61:241024D212024,00S1031000138550020
:61:241024D50029,00S1031000138550021
:61:241024D46000,00S1031000138550022
:61:241024D40000,00S1031000138550039
:61:241024D24396,60S1031000138550041
:61:241024D46165,00S1031000138550044
:61:241024D50029,00S1031000138550045
:61:241024D30011,16S1031000138550056
:61:241024D5000,00S1031000138550064
:61:241024D170000,00S1031000138550065
:61:241024D26067,60S1031000138550075
:61:241024D200015,00S1031000138550082
:61:241024D50029,74S1031000138550097
:61:241024D266947,00S1031000138550101
:61:241024D90000,00S1031000138550104
:61:241024D99000,00S1031000138550105
:61:241024D333531,00S1031000138550111
:62F:C241024BDT876071227,25
-}{5:{CHK:546BCD19FC44}}                                                                                                                                                                                                                                  {1:F21AGBKBDDHA0995759847340}{4:{177:2410271523}{451:0}}{1:F01AGBKBDDHA0995759847340}{2:I950EZYRGB2LXXXXN}{4:
:20:AGBKFRDBFC2021
:25:7102
:28C:10/385
:60F:C241024BDT876071227,25
:61:241024D70014,00S1031000138550114
:61:241024D72000,00S1031000138550133
:61:241024D33185,00S1031000138550145
:61:241024D500000,00S1031000138550148
:61:241024D320840,00S1031000138550149
:61:241024D46830,00S1031000138550151
:61:241024D32755,00S1031000138550152
:61:241024D100000,00S1031000138550154
:61:241024D200018,70S1031000138550156
:61:241024D128957,00S1031000138550162
:61:241024D10000,00S1031000138550163
:61:241024D50000,00S1031000138550167
:61:241024D200000,00S1031000138550169
:61:241024D99600,00S1031000138550172
:61:241024D169773,61S1031000138550183
:61:241024D12000,00S1031000138550187
:61:241024D109617,60S1031000138550189
:61:241024D100000,00S1031000138550191
:61:241024D50000,00S1031000138550198
:61:241024D227260,00S1031000138550203
:61:241024D25670,00S1031000138550210
:61:241024D36093,00S1031000138550217
:61:241024D231945,00S1031000138550225
:61:241024D73530,00S1031000138550226
:61:241024D100000,00S1031000138550227
:61:241024D39602,00S1031000138550230
:61:241024D50000,00S1031000138550237
:61:241024D43283,00S1031000138550239
:62F:C241024BDT872938253,34
-}{5:{CHK:7D856569CD81}}                                                                                                                                                                                                                              {1:F21AGBKBDDHA0995759847341}{4:{177:2410271524}{451:0}}{1:F01AGBKBDDHA0995759847341}{2:I950EZYRGB2LXXXXN}{4:
:20:AGBKFRDBFC2021
:25:7102
:28C:10/386
:60F:C241024BDT872938253,34
:61:241024D246639,60S1031000138550241
:61:241024D70000,00S1031000138550243
:61:241024D333531,00S1031000138550250
:61:241024D97419,00S1031000138550256
:61:241024D66171,60S1031000138550263
:61:241024D32686,00S1031000138550264
:61:241024D50029,00S1031000138550266
:61:241024D81545,00S1031000138550268
:61:241024D200000,00S1031000138550270
:61:241024D100000,00S1031000138550273
:61:241024D500000,00S1031000138550275
:61:241024D49461,00S1031000138550278
:61:241024D67845,00S1031000138550283
:61:241024D60000,00S1031000138550285
:61:241024D106409,00S1031000138550293
:61:241024D329756,00S1031000138550298
:61:241024D146045,00S1031000138550310
:61:241024D50000,00S1031000138550313
:61:241024D293427,00S1031000138550314
:61:241024D500000,00S1031000138550315
:61:241024D400375,00S1031000138550317
:61:241024D130003,00S1031000138550322
:61:241024D338000,00S1031000138550323
:61:241024D200000,00S1031000138550324
:61:241024D450000,00S1031000138550328
:61:241024D11028,60S1031000138550329
:61:241024D500000,00S1031000138550331
:61:241024D39435,60S1031000138550334
:62F:C241024BDT867488446,94
-}{5:{CHK:08E662223197}}                                                                                                                                                                                                                          {1:F21AGBKBDDHA0995759847342}{4:{177:2410271524}{451:0}}{1:F01AGBKBDDHA0995759847342}{2:I950EZYRGB2LXXXXN}{4:
:20:AGBKFRDBFC2021
:25:7102
:28C:10/387
:60F:C241024BDT867488446,94
:61:241024D49996,00S1031000138550337
:61:241024D147004,00S1031000138550338
:61:241024D116301,00S1031000138550340
:61:241024D40104,00S1031000138550342
:61:241024D10000,00S1031000138550344
:61:241024D10026,00S1031000138550345
:61:241024D117003,43S1031000138550349
:61:241024D1301935,00S1031000138550351
:61:241024D30000,00S1031000138550354
:61:241024D66171,00S1031000138550358
:61:241024D340015,00S1031000138550363
:61:241024D333530,00S1031000138550366
:61:241024D150000,00S1031000138550367
:61:241024D106944,01S1031000138550369
:61:241024D20000,00S1031000138550381
:61:241024D72860,00S1031000138550382
:61:241024D103000,00S1031000138550383
:61:241024D27000,00S1031000138550384
:61:241024D100000,00S1031000138550388
:61:241024D86891,00S1031000138550392
:61:241024D78369,90S1031000138550393
:61:241024D100000,00S1031000138550397
:61:241024D178462,00S1031000138550400
:61:241024D199855,00S1031000138550401
:61:241024D300015,00S1031000138550402
:61:241024D200000,00S1031000138550403
:61:241024D100000,00S1031000138550404
:61:241024D105000,00S1031000138550405
:62F:C241024BDT862997964,60
-}{5:{CHK:18D8E34C93CF}}                                                                                                                                                                                                                        {1:F21AGBKBDDHA0995759847343}{4:{177:2410271524}{451:0}}{1:F01AGBKBDDHA0995759847343}{2:I950EZYRGB2LXXXXN}{4:
:20:AGBKFRDBFC2021
:25:7102
:28C:10/388
:60F:C241024BDT862997964,60
:61:241024D83549,00S1031000138550406
:61:241024D350000,00S1031000138550407
:61:241024D333531,62S1031000138550412
:61:241024D150000,00S1031000138550413
:61:241024D50000,00S1031000138550417
:61:241024D350000,00S1031000138550418
:61:241024D56145,60S1031000138550421
:61:241024D80160,00S1031000138550422
:61:241024D350000,00S1031000138550423
:61:241024D180000,00S1031000138550429
:61:241024D349900,00S1031000138550430
:61:241024D100000,00S1031000138550496
:61:241024D117075,00S1031000138550516
:61:241024D215670,00S1031000138550519
:61:241024D40000,00S1031000138550527
:61:241024D49291,00S1031000138550532
:61:241024D50000,00S1031000138550548
:61:241024D150000,00S1031000138550558
:61:241024D50000,00S1031000138550559
:61:241024D97565,00S1031000138550568
:61:241024D469477,53S1031000138550583
:61:241024D200000,00S1031000138550594
:61:241024D25000,00S1031000138550635
:61:241024D20207,43S1031000138550642
:61:241024D50000,00S1031000138550654
:61:241024D56724,00S1031000138550684
:61:241024D100000,00S1031000138550695
:61:241024D40000,00S1031000138550706
:62F:C241024BDT858833668,42
-}{5:{CHK:46B38FB04E30}}                                                                                                                                                                                                                            {1:F21AGBKBDDHA0995759847344}{4:{177:2410271524}{451:0}}{1:F01AGBKBDDHA0995759847344}{2:I950EZYRGB2LXXXXN}{4:
:20:AGBKFRDBFC2021
:25:7102
:28C:10/389
:60F:C241024BDT858833668,42
:61:241024D97565,00S1031000138550710
:61:241024D22703,00S1031000138550726
:61:241024D150000,00S1031000138550729
:61:241024D30009,00S1031000138550743
:61:241024D62700,00S1031000138550766
:61:241024D97600,00S1031000138550774
:61:241024D50000,00S1031000138550789
:61:241024D171770,00S1031000138550793
:61:241024D55000,00S1031000138550794
:61:241024D300000,00S1031000138550809
:61:241024D31343,00S1031000138550823
:61:241024D44799,15S1031000138550835
:61:241024D33180,00S1031000138550837
:61:241024D150000,00S1031000138550865
:61:241024D45000,00S1031000138550876
:61:241024D200000,00S1031000138550877
:61:241024D50000,00S1031000138550878
:61:241024D204880,00S1031000138550913
:61:241024D37000,00S1031000138550917
:61:241024D75000,00S1031000138550918
:61:241024D20000,00S1031000138550923
:61:241024D35000,00S1031000138550925
:61:241024D30000,00S1031000138550930
:61:241024D39392,25S1031000138550970
:61:241024D50148,00S1031000138550981
:61:241024D120000,00S1031000138550986
:61:241024D45930,00S1031000138551017
:61:241024D130000,00S1031000138551023
:62F:C241024BDT856454649,02
-}{5:{CHK:4714B525C5E7}}                                                                                                                                                                                                                                  {1:F21AGBKBDDHA0995759847345}{4:{177:2410271525}{451:0}}{1:F01AGBKBDDHA0995759847345}{2:I950EZYRGB2LXXXXN}{4:
:20:AGBKFRDBFC2021
:25:7102
:28C:10/390
:60F:C241024BDT856454649,02
:61:241024D20000,00S1031000138551029
:61:241024D195122,00S1031000138551037
:61:241024D150000,00S1031000138551044
:61:241024D150000,00S1031000138551061
:61:241024D66300,00S1031000138551064
:61:241024D300000,00S1031000138551075
:61:241024D46530,00S1031000138551078
:61:241024D62040,00S1031000138551084
:61:241024D60000,00S1031000138551091
:61:241024D84020,00S1031000138551098
:61:241024D75130,00S1031000138551100
:61:241024D40000,00S1031000138551105
:61:241024D100000,00S1031000138551116
:61:241024D40000,00S1031000138551117
:61:241024D100000,00S1031000138551141
:61:241024D35140,00S1031000138551156
:61:241024D38000,00S1031000138551169
:61:241024D50000,00S1031000138551176
:61:241024D32500,00S1031000138551206
:61:241024D82427,00S1031000138551212
:61:241024D100000,00S1031000138551249
:61:241024D100000,00S1031000138551252
:61:241024D35000,00S1031000138551294
:61:241024D20000,00S1031000138551301
:61:241024D50000,00S1031000138551317
:61:241024D500000,00S1031000138551321
:61:241024D265000,00S1031000138551327
:61:241024D97565,00S1031000138551353
:62F:C241024BDT853559875,02
-}{5:{CHK:CC04887E8FF0}}                                                                                                                                                                                                                                {1:F21AGBKBDDHA0995759847346}{4:{177:2410271525}{451:0}}{1:F01AGBKBDDHA0995759847346}{2:I950EZYRGB2LXXXXN}{4:
:20:AGBKFRDBFC2021
:25:7102
:28C:10/391
:60F:C241024BDT853559875,02
:61:241024D150000,00S1031000138551355
:61:241024D55000,00S1031000138551391
:61:241024D3000,00S1031000138551397
:61:241024D3000,00S1031000138551401
:61:241024D50000,00S1031000138551415
:61:241024D62045,00S1031000138551418
:61:241024D200000,00S1031000138551429
:61:241024D27000,00S1031000138551458
:61:241024D80000,00S1031000138551474
:61:241024D55000,00S1031000138551481
:61:241024D40000,00S1031000138551491
:61:241024D50000,00S1031000138551499
:61:241024D15000,00S1031000138551501
:61:241024D15000,00S1031000138551507
:61:241024D100000,00S1031000138551523
:61:241024D110320,00S1031000138551534
:61:241024D33830,00S1031000138551552
:61:241024D100100,00S1031000138551553
:61:241024D30002,00S1031000138551554
:61:241024D16044,00S1031000138551573
:61:241024D500482,00S1031000138551574
:61:241024D49202,00S1031000138551576
:61:241024D23390,00S1031000138551578
:61:241024D32920,00S1031000138551589
:61:241024D28398,00S1031000138551599
:61:241024D50116,00S1031000138551634
:61:241024D211151,00S1031000138551640
:61:241024D42765,00S1031000138551647
:62F:C241024BDT851426110,02
-}{5:{CHK:AC966F37A970}}                                                                                                                                                                                                                                     {1:F21AGBKBDDHA0995759847348}{4:{177:2410271525}{451:0}}{1:F01AGBKBDDHA0995759847348}{2:I950EZYRGB2LXXXXN}{4:
:20:AGBKFRDBFC2021
:25:7102
:28C:10/392
:60F:C241024BDT851426110,02
:61:241024D70000,00S1031000138551649
:61:241024D49446,00S1031000138551653
:61:241024D27556,00S1031000138551662
:61:241024D65016,00S1031000138551671
:61:241024D32627,00S1031000138551674
:61:241024D92596,00S1031000138551675
:61:241024D5000,00S1031000138551681
:61:241024D166390,00S1031000138551704
:61:241024D55026,27S1031000138551715
:61:241024D60000,00S1031000138551719
:61:241024D97700,00S1031000138551729
:61:241024D166390,00S1031000138551773
:61:241024D50000,00S1031000138551775
:61:241024D50000,00S1031000138551788
:61:241024D32260,00S1031000138551797
:61:241024D33380,00S1031000138551805
:61:241024D82427,00S1031000138551822
:61:241024D32000,00S1031000138551826
:61:241024D90880,00S1031000138551836
:61:241024D20000,00S1031000138551872
:61:241024D80000,00S1031000138551884
:61:241024D110019,00S1031000138551888
:61:241024D45000,00S1031000138551891
:61:241024D97500,00S1031000138551896
:61:241024D50000,00S1031000138551897
:61:241024D465077,00S1031000138551903
:61:241024D50000,00S1031000138551906
:61:241024D112926,00S1031000138551915
:62F:C241024BDT849136893,75
-}{5:{CHK:762528A02455}}                                                                                                                                                                                                                                      {1:F21AGBKBDDHA0995759847349}{4:{177:2410271525}{451:0}}{1:F01AGBKBDDHA0995759847349}{2:I950EZYRGB2LXXXXN}{4:
:20:AGBKFRDBFC2021
:25:7102
:28C:10/393
:60F:C241024BDT849136893,75
:61:241024D500000,00S1031000138551927
:61:241024D26000,00S1031000138551930
:61:241024D200000,00S1031000138551954
:61:241024D50001,53S1031000138551996
:61:241024D50000,00S1031000138551998
:61:241024D200000,00S1031000138552007
:61:241024D80000,00S1031000138552020
:61:241024D40025,18S1031000138552046
:61:241024D97565,00S1031000138552050
:61:241024D33830,00S1031000138552058
:61:241024D33000,00S1031000138552074
:61:241024D24400,00S1031000138552075
:61:241024D32750,00S1031000138552077
:61:241024D70025,00S1031000138552091
:61:241024D126289,00S1031000138552103
:61:241024D82840,00S1031000138552125
:61:241024D16550,00S1031000138552127
:61:241024D16065,00S1031000138552139
:61:241024D16036,00S1031000138552141
:61:241024D100000,00S1031000138552145
:61:241024D10000,00S1031000138552155
:61:241024D43433,00S1031000138552159
:61:241024D206250,00S1031000138552172
:61:241024D215000,00S1031000138552178
:61:241024D350000,00S1031000138552204
:61:241024D30500,00S1031000138552238
:61:241024D300020,00S1031000138552242
:61:241024D20000,00S1031000138552249
:62F:C241024BDT846166314,04
-}{5:{CHK:057B8A5A4329}}                                                                                                                                                                                                                                 {1:F21AGBKBDDHA0995759847351}{4:{177:2410271526}{451:0}}{1:F01AGBKBDDHA0995759847351}{2:I950EZYRGB2LXXXXN}{4:
:20:AGBKFRDBFC2021
:25:7102
:28C:10/394
:60F:C241024BDT846166314,04
:61:241024D50000,00S1031000138552261
:61:241024D100000,00S1031000138552266
:61:241024D500000,00S1031000138552298
:61:241024D13365,00S1031000138552304
:61:241024D170800,00S1031000138552337
:61:241024D100000,00S1031000138552338
:61:241024D24425,00S1031000138552343
:61:241024D30700,00S1031000138552348
:61:241024D70000,00S1031000138552356
:61:241024D100000,00S1031000138552371
:61:241024D157027,00S1031000138552372
:61:241024D5000,00S1031000138552390
:61:241024D74581,65S1031000138552392
:61:241024D60000,00S1031000138552398
:61:241024D5000,00S1031000138552401
:61:241024D50000,00S1031000138552415
:61:241024D178185,00S1031000138552416
:61:241024D300000,00S1031000138552422
:61:241024D167049,00S1031000138552425
:61:241024D82000,00S1031000138552435
:61:241024D44435,29S1031000138552460
:61:241024D6000,00S103136178944727
:61:241024D14880,00S103294788692477
:61:241024D50000,00S103300977221733
:61:241024D40000,00S103377432569794
:61:241024D16425,00S103384465095984
:61:241024D54345,00S103631366727186
:61:241024D16000,00S103747801475127
:62F:C241024BDT843686096,10
-}{5:{CHK:C9DF4942EB6A}}                                                                                                                                                                                                                                           {1:F21AGBKBDDHA0995759847352}{4:{177:2410271526}{451:0}}{1:F01AGBKBDDHA0995759847352}{2:I950EZYRGB2LXXXXN}{4:
:20:AGBKFRDBFC2021
:25:7102
:28C:10/395
:60F:C241024BDT843686096,10
:61:241024D1000,00S103782845373601
:61:241024D16000,00S103930824284920
:62F:C241024BDT843669096,10
-}{5:{CHK:B3672A25A9B6}}                                                                                                                                                                                                         {1:F21AGBKBDDHA0995759069181}{4:{177:2410271601}{451:0}}{1:F01AGBKBDDHA0995759069181}{2:O1991301241027ALBISARIAXXX79576705382410271601N}{3:{108:E199241027AKC830}{433:/AOK/EXCLUDED}}{4:
:20:10006743.2024
:79:KINDLY EFFECT THE BELOW MENTIONED
TRANSFER WITH THE FOLLOWING DETAILS
VALUE DATE       27/10/2024
SETTLEMENT NO    00006
FILE NAME        10006743.20241027.00006.TXT
FILE HASH TOTAL           417,163.84
ITEM NO  CCY           AMOUNT
.
0000006  BDT              417,163.84
.
PLEASE BE INFORMED THAT WE ALREADY
CREDITED TO YOUR ACCOUNT WITH THE
ABOVE MENTIONED AMOUNT AND FOR ANY
DESCREPENCIES PLEASE CALL US AT
(0099661)4798916 OR SEND FAX TO
4798918 AND ATTENTION IT TO
SAMI AL-SWADI
HEAD OF REMITTANCES UNIT
THANKS AND REGARDS
BANK ALBILAD
RIYADH
-}{5:{MAC:00000000}{CHK:3F50A76E2850}}{S:{SAC:}{COP:P}}                                                                                                                                                                                             {1:F21AGBKBDDHA0995759847398}{4:{177:2410271635}{451:0}}{1:F01AGBKBDDHA0995759847398}{2:I199ALBISARIXXXXN}{4:
:20:FRD/BILAD/DIFFER
:21:FT24281803027308
:79:AMOUNT BDT    : 20130.39
VALUE DATE    : 20.10.2024
BENEFICIARY   : sheuly akter  
A/C NO        : 
REASON OF NONCREDIT : 
AMENDMENT SENT THROUGH bBEFTN
.
REGARDS,
.
MOHAMMED MUSLEHUDDIN CHOWDHURY
SENIOR OFFICER
AGRANI BANK LIMITED
FRD,H.O
DHAKA
-}{5:{MAC:00000000}{CHK:EC1D68BA5900}}                                                     {1:F21AGBKBDDHA0995759847399}{4:{177:2410271635}{451:0}}{1:F01AGBKBDDHA0995759847399}{2:I199ALBISARIXXXXN}{4:
:20:FRD/BILAD/DIFFER
:21:FT24282073230980
:79:AMOUNT BDT    : 31801.11
VALUE DATE    : 08.10.2024
BENEFICIARY   : MD MUSON ALI  
A/C NO        : 
REASON OF NONCREDIT : 
RETURN FROM OTHER BANK. NEED AMENDMENT TO SETTLE 
THIS ISSUE.
PLEASE PROVIDE CORRECT DETAILS .
.
REGARDS,
.
MOHAMMED MUSLEHUDDIN CHOWDHURY
SENIOR OFFICER
AGRANI BANK LIMITED
FRD,H.O
DHAKA
-}{5:{MAC:00000000}{CHK:748A7899DEC8}}                                                                                                                                                                                                                                                                                                                                                                                                                                                                                                                  {1:F21AGBKBDDHA0995759847400}{4:{177:2410271635}{451:0}}{1:F01AGBKBDDHA0995759847400}{2:I199ALBISARIXXXXN}{4:
:20:FRD/BILAD/DIFFER
:21:FT24291070451146
:79:AMOUNT BDT    : 364127.85
VALUE DATE    : 17.10.2024
BENEFICIARY   : MYNUDDIN MD SULTAN  
A/C NO        : 
REASON OF NONCREDIT : 
RETURN FROM OTHER BANK. SEND AMENDMENT TO SETTLE 
THIS ISSUE.
.
REGARDS,
.
MOHAMMED MUSLEHUDDIN CHOWDHURY
SENIOR OFFICER
AGRANI BANK LIMITED
FRD,H.O
DHAKA
-}{5:{MAC:00000000}{CHK:7E43AC36D9FF}}             {1:F21AGBKBDDHA0995759847401}{4:{177:2410271635}{451:0}}{1:F01AGBKBDDHA0995759847401}{2:I199ALBISARIXXXXN}{4:
:20:FRD/AB/NRT/CRED
:21:FT24275916024619
:79:AMOUNT BDT  : 50000.00
VALUE DATE  : 01.10.2024
BENEFICIARY : LAL BANU
ACCOUNT NO. :          
.
WITH REFERANCE TO YOUR SWIFT MSG REGARDING 
CANCELLATION OF THE ABOVE TT AND YOUR NRT A/C 
CREDITED ON 27.10.2024. 
.
REGARDS,
MOHAMMED MUSLEHUDDIN CHOWDHURY
SENIOR OFFICER 
AGRANI BANK LIMITED
FRD,H.O
DHAKA.
-}{5:{MAC:00000000}{CHK:4B7569D545C9}}                                                                                                                                                                                                                                                                                                                                                                                                                                                                                                                         {1:F21AGBKBDDHA0995759847402}{4:{177:2410271635}{451:0}}{1:F01AGBKBDDHA0995759847402}{2:I199ALBISARIXXXXN}{4:
:20:FRD/AB/NRT/CRED
:21:FT24281858483692
:79:AMOUNT BDT  : 87772.30
VALUE DATE  : 07.10.2024
BENEFICIARY : MD NYON MIA
ACCOUNT NO. :          
.
WITH REFERANCE TO YOUR SWIFT MSG REGARDING 
CANCELLATION OF THE ABOVE TT AND YOUR NRT A/C 
CREDITED ON 27.10.2024. 
.
REGARDS,
MOHAMMED MUSLEHUDDIN CHOWDHURY
SENIOR OFFICER 
AGRANI BANK LIMITED
FRD,H.O
DHAKA.
-}{5:{MAC:00000000}{CHK:2982605C9516}}                                                                                                                                                                                                                                                                                                                                                                                                                                                                                                                      {1:F21AGBKBDDHA0995759069189}{4:{177:2410271701}{451:0}}{1:F01AGBKBDDHA0995759069189}{2:O1991401241027ALBISARIAXXX79576707852410271701N}{3:{108:E199241027AKC8XB}{433:/AOK/EXCLUDED}}{4:
:20:10006743.2024
:79:KINDLY EFFECT THE BELOW MENTIONED
TRANSFER WITH THE FOLLOWING DETAILS
VALUE DATE       27/10/2024
SETTLEMENT NO    00007
FILE NAME        10006743.20241027.00007.TXT
FILE HASH TOTAL           691,214.22
ITEM NO  CCY           AMOUNT
.
0000006  BDT              691,214.22
.
PLEASE BE INFORMED THAT WE ALREADY
CREDITED TO YOUR ACCOUNT WITH THE
ABOVE MENTIONED AMOUNT AND FOR ANY
DESCREPENCIES PLEASE CALL US AT
(0099661)4798916 OR SEND FAX TO
4798918 AND ATTENTION IT TO
SAMI AL-SWADI
HEAD OF REMITTANCES UNIT
THANKS AND REGARDS
BANK ALBILAD
RIYADH
-}{5:{MAC:00000000}{CHK:F29C7F6BF888}}{S:{SAC:}{COP:P}}                                                                                                                                                                                             {1:F21AGBKBDDHA0995759069201}{4:{177:2410271801}{451:0}}{1:F01AGBKBDDHA0995759069201}{2:O1991501241027ALBISARIAXXX79576710562410271801N}{3:{108:E199241027AKC9OZ}{433:/AOK/EXCLUDED}}{4:
:20:10006743.2024
:79:KINDLY EFFECT THE BELOW MENTIONED
TRANSFER WITH THE FOLLOWING DETAILS
VALUE DATE       27/10/2024
SETTLEMENT NO    00008
FILE NAME        10006743.20241027.00008.TXT
FILE HASH TOTAL           740,106.46
ITEM NO  CCY           AMOUNT
.
0000012  BDT              740,106.46
.
PLEASE BE INFORMED THAT WE ALREADY
CREDITED TO YOUR ACCOUNT WITH THE
ABOVE MENTIONED AMOUNT AND FOR ANY
DESCREPENCIES PLEASE CALL US AT
(0099661)4798916 OR SEND FAX TO
4798918 AND ATTENTION IT TO
SAMI AL-SWADI
HEAD OF REMITTANCES UNIT
THANKS AND REGARDS
BANK ALBILAD
RIYADH
-}{5:{MAC:00000000}{CHK:7BD07D926018}}{S:{SAC:}{COP:P}}                                                                                                                                                                                             {1:F21AGBKBDDHA0995759069218}{4:{177:2410271901}{451:0}}{1:F01AGBKBDDHA0995759069218}{2:O1991601241027ALBISARIAXXX79576713852410271901N}{3:{108:E199241027AKCCHE}{433:/AOK/EXCLUDED}}{4:
:20:10006743.2024
:79:KINDLY EFFECT THE BELOW MENTIONED
TRANSFER WITH THE FOLLOWING DETAILS
VALUE DATE       27/10/2024
SETTLEMENT NO    00009
FILE NAME        10006743.20241027.00009.TXT
FILE HASH TOTAL           852,398.25
ITEM NO  CCY           AMOUNT
.
0000010  BDT              852,398.25
.
PLEASE BE INFORMED THAT WE ALREADY
CREDITED TO YOUR ACCOUNT WITH THE
ABOVE MENTIONED AMOUNT AND FOR ANY
DESCREPENCIES PLEASE CALL US AT
(0099661)4798916 OR SEND FAX TO
4798918 AND ATTENTION IT TO
SAMI AL-SWADI
HEAD OF REMITTANCES UNIT
THANKS AND REGARDS
BANK ALBILAD
RIYADH
-}{5:{MAC:00000000}{CHK:FF1C595AF870}}{S:{SAC:}{COP:P}}                                                                                                                                                                                             {1:F21AGBKBDDHA0995759069219}{4:{177:2410271916}{451:0}}{1:F01AGBKBDDHA0995759069219}{2:O1031108241027ALBISARIAXXX79576693842410271917N}{3:{108:E103241027AKC5Z5}{121:acfa390c-009f-4fe0-ae1e-b134a99540c8}{433:/FPO/FALSE POSITIVE}}{4:
:20:FT24301025786832
:23B:CRED
:32A:241027BDT34937,97
:50K:/SA6915000436637528240007
MOHAMMED SALEH ALORAINI
ALOLA-Saudi Arabia
DOB 1960 AUG 25- POB sa
:52A:ALBISARI
:57A:AGBKBDDH024
:59:/0200011763435
MST REHENA
:70:HOUSE LABOR TRANSFER
SALARY
:71A:SHA
-}{5:{MAC:00000000}{CHK:FD119C0B257A}{DLM:}}{S:{SAC:}{COP:P}}                                                                                                                                                                                                                                                                                                                                                                                                                                                                           {1:F21AGBKBDDHA0995759069220}{4:{177:2410271917}{451:0}}{1:F01AGBKBDDHA0995759069220}{2:O1031003241027RJHISARIAXXX88925430082410271917N}{3:{121:503f00b1-4f8a-4ed5-b1f9-2b84184a5563}{433:/FPO/FALSE POSITIVE}}{4:
:20:PO43751122704033
:23B:CRED
:32A:241028BDT30215,32
:50K:/000005650426
MRSUJIT GOMES MREARNEST AGOMES
RAS TANORAH 50 RAS TANORAH 31941 PO
SA/RAS TANORAH
:53B:/7009
:57D:00855 - AGRANI BANK LIMITED
           NAWABGONJ
:59:/0200001953381
MRS CHRISTINA GOMEJ
BAN
:70:Family Expenses
:71A:SHA
-}{5:{MAC:00000000}{CHK:B99DF51E7BCC}{DLM:}}{S:{SAC:}{COP:P}}                                                                                                                                                                                                                                                                                                                                                                                                                                                          {1:F21AGBKBDDHA0995759069228}{4:{177:2410272001}{451:0}}{1:F01AGBKBDDHA0995759069228}{2:O1991701241027ALBISARIAXXX79576716982410272001N}{3:{108:E199241027AKCD1F}{433:/AOK/EXCLUDED}}{4:
:20:10006743.2024
:79:KINDLY EFFECT THE BELOW MENTIONED
TRANSFER WITH THE FOLLOWING DETAILS
VALUE DATE       27/10/2024
SETTLEMENT NO    00010
FILE NAME        10006743.20241027.00010.TXT
FILE HASH TOTAL           718,932.54
ITEM NO  CCY           AMOUNT
.
0000016  BDT              718,932.54
.
PLEASE BE INFORMED THAT WE ALREADY
CREDITED TO YOUR ACCOUNT WITH THE
ABOVE MENTIONED AMOUNT AND FOR ANY
DESCREPENCIES PLEASE CALL US AT
(0099661)4798916 OR SEND FAX TO
4798918 AND ATTENTION IT TO
SAMI AL-SWADI
HEAD OF REMITTANCES UNIT
THANKS AND REGARDS
BANK ALBILAD
RIYADH
-}{5:{MAC:00000000}{CHK:7E316366881E}}{S:{SAC:}{COP:P}}                                                                                                                                                                                             {1:F21AGBKBDDHA0995760069236}{4:{177:2410280852}{451:0}}{1:F01AGBKBDDHA0995760069236}{2:O1991801241027ALBISARIAXXX79576719192410280852N}{3:{108:E199241027AKCDBU}{433:/AOK/EXCLUDED}}{4:
:20:10006743.2024
:79:KINDLY EFFECT THE BELOW MENTIONED
TRANSFER WITH THE FOLLOWING DETAILS
VALUE DATE       27/10/2024
SETTLEMENT NO    00011
FILE NAME        10006743.20241027.00011.TXT
FILE HASH TOTAL           845,062.41
ITEM NO  CCY           AMOUNT
.
0000006  BDT              845,062.41
.
PLEASE BE INFORMED THAT WE ALREADY
CREDITED TO YOUR ACCOUNT WITH THE
ABOVE MENTIONED AMOUNT AND FOR ANY
DESCREPENCIES PLEASE CALL US AT
(0099661)4798916 OR SEND FAX TO
4798918 AND ATTENTION IT TO
SAMI AL-SWADI
HEAD OF REMITTANCES UNIT
THANKS AND REGARDS
BANK ALBILAD
RIYADH
-}{5:{MAC:00000000}{CHK:7552F59070D0}{DLM:}}{S:{SAC:}{COP:P}}                                                                                                                                                                                       {1:F21AGBKBDDHA0995760069241}{4:{177:2410280852}{451:0}}{1:F01AGBKBDDHA0995760069241}{2:O1991901241027ALBISARIAXXX79576720162410280853N}{3:{108:E199241027AKCDIL}{433:/AOK/EXCLUDED}}{4:
:20:10006743.2024
:79:KINDLY EFFECT THE BELOW MENTIONED
TRANSFER WITH THE FOLLOWING DETAILS
VALUE DATE       27/10/2024
SETTLEMENT NO    00012
FILE NAME        10006743.20241027.00012.TXT
FILE HASH TOTAL           110,848.64
ITEM NO  CCY           AMOUNT
.
0000003  BDT              110,848.64
.
PLEASE BE INFORMED THAT WE ALREADY
CREDITED TO YOUR ACCOUNT WITH THE
ABOVE MENTIONED AMOUNT AND FOR ANY
DESCREPENCIES PLEASE CALL US AT
(0099661)4798916 OR SEND FAX TO
4798918 AND ATTENTION IT TO
SAMI AL-SWADI
HEAD OF REMITTANCES UNIT
THANKS AND REGARDS
BANK ALBILAD
RIYADH
-}{5:{MAC:00000000}{CHK:7EB4FF6A6852}{DLM:}}{S:{SAC:}{COP:P}}                                                                                                                                                                                       {1:F21AGBKBDDHA0995760069242}{4:{177:2410280852}{451:0}}{1:F01AGBKBDDHA0995760069242}{2:O1992001241027ALBISARIAXXX79576720872410280853N}{3:{108:E199241027AKCDNH}{433:/AOK/EXCLUDED}}{4:
:20:10006743.2024
:79:KINDLY EFFECT THE BELOW MENTIONED
TRANSFER WITH THE FOLLOWING DETAILS
VALUE DATE       27/10/2024
SETTLEMENT NO    00013
FILE NAME        10006743.20241027.00013.TXT
FILE HASH TOTAL           226,970.54
ITEM NO  CCY           AMOUNT
.
0000005  BDT              226,970.54
.
PLEASE BE INFORMED THAT WE ALREADY
CREDITED TO YOUR ACCOUNT WITH THE
ABOVE MENTIONED AMOUNT AND FOR ANY
DESCREPENCIES PLEASE CALL US AT
(0099661)4798916 OR SEND FAX TO
4798918 AND ATTENTION IT TO
SAMI AL-SWADI
HEAD OF REMITTANCES UNIT
THANKS AND REGARDS
BANK ALBILAD
RIYADH
-}{5:{MAC:00000000}{CHK:3FF372D9A06E}{DLM:}}{S:{SAC:}{COP:P}}                                                                                                                                                                                       {1:F21AGBKBDDHA0995760069243}{4:{177:2410280852}{451:0}}{1:F01AGBKBDDHA0995760069243}{2:O1992131241027ALBISARIAXXX79576721732410280853N}{3:{108:E199241027AKCE86}{433:/AOK/EXCLUDED}}{4:
:20:10006743.2024
:79:KINDLY EFFECT THE BELOW MENTIONED
TRANSFER WITH THE FOLLOWING DETAILS
VALUE DATE       27/10/2024
SETTLEMENT NO    00014
FILE NAME        10006743.20241027.00014.TXT
FILE HASH TOTAL           268,865.04
ITEM NO  CCY           AMOUNT
.
0000005  BDT              268,865.04
.
PLEASE BE INFORMED THAT WE ALREADY
CREDITED TO YOUR ACCOUNT WITH THE
ABOVE MENTIONED AMOUNT AND FOR ANY
DESCREPENCIES PLEASE CALL US AT
(0099661)4798916 OR SEND FAX TO
4798918 AND ATTENTION IT TO
SAMI AL-SWADI
HEAD OF REMITTANCES UNIT
THANKS AND REGARDS
BANK ALBILAD
RIYADH
-}{5:{MAC:00000000}{CHK:7FB634F3B00A}{DLM:}}{S:{SAC:}{COP:P}}                                                                                                                                                                                       {1:F21AGBKBDDHA0995760069259}{4:{177:2410280853}{451:0}}{1:F01AGBKBDDHA0995760069259}{2:O1992301241027ALBISARIAXXX79576722752410280853N}{3:{108:E199241027AKCEDQ}{433:/AOK/EXCLUDED}}{4:
:20:10006743.2024
:79:KINDLY EFFECT THE BELOW MENTIONED
TRANSFER WITH THE FOLLOWING DETAILS
VALUE DATE       27/10/2024
SETTLEMENT NO    00015
FILE NAME        10006743.20241027.00015.TXT
FILE HASH TOTAL           172,975.47
ITEM NO  CCY           AMOUNT
.
0000003  BDT              172,975.47
.
PLEASE BE INFORMED THAT WE ALREADY
CREDITED TO YOUR ACCOUNT WITH THE
ABOVE MENTIONED AMOUNT AND FOR ANY
DESCREPENCIES PLEASE CALL US AT
(0099661)4798916 OR SEND FAX TO
4798918 AND ATTENTION IT TO
SAMI AL-SWADI
HEAD OF REMITTANCES UNIT
THANKS AND REGARDS
BANK ALBILAD
RIYADH
-}{5:{MAC:00000000}{CHK:3873B067A82A}{DLM:}}{S:{SAC:}{COP:P}}                                                                                                                                                                                       