{1:F21AGBKBDDHA0995762070366}{4:{177:2410301101}{451:0}}{1:F01AGBKBDDHA0995762070366}{2:O1990801241030ALBISARIAXXX79606811842410301101N}{3:{108:E199241030AKDNE7}{433:/AOK/EXCLUDED}}{4:
:20:10006743.2024
:79:KINDLY EFFECT THE BELOW MENTIONED
TRANSFER WITH THE FOLLOWING DETAILS
VALUE DATE       30/10/2024
SETTLEMENT NO    00001
FILE NAME        10006743.20241030.00001.TXT
FILE HASH TOTAL            31,761.79
ITEM NO  CCY           AMOUNT
.
0000001  BDT               31,761.79
.
PLEASE BE INFORMED THAT WE ALREADY
CREDITED TO YOUR ACCOUNT WITH THE
ABOVE MENTIONED AMOUNT AND FOR ANY
DESCREPENCIES PLEASE CALL US AT
(0099661)4798916 OR SEND FAX TO
4798918 AND ATTENTION IT TO
SAMI AL-SWADI
HEAD OF REMITTANCES UNIT
THANKS AND REGARDS
BANK ALBILAD
RIYADH
-}{5:{MAC:00000000}{CHK:AAD223BE69FF}}{S:{SAC:}{COP:P}}                                                                                                                                                                                             {1:F21AGBKBDDHA0995762070382}{4:{177:2410301201}{451:0}}{1:F01AGBKBDDHA0995762070382}{2:O1990901241030ALBISARIAXXX79606816612410301201N}{3:{108:E199241030AKDOQY}{433:/AOK/EXCLUDED}}{4:
:20:10006743.2024
:79:KINDLY EFFECT THE BELOW MENTIONED
TRANSFER WITH THE FOLLOWING DETAILS
VALUE DATE       30/10/2024
SETTLEMENT NO    00002
FILE NAME        10006743.20241030.00002.TXT
FILE HASH TOTAL           232,631.01
ITEM NO  CCY           AMOUNT
.
0000004  BDT              232,631.01
.
PLEASE BE INFORMED THAT WE ALREADY
CREDITED TO YOUR ACCOUNT WITH THE
ABOVE MENTIONED AMOUNT AND FOR ANY
DESCREPENCIES PLEASE CALL US AT
(0099661)4798916 OR SEND FAX TO
4798918 AND ATTENTION IT TO
SAMI AL-SWADI
HEAD OF REMITTANCES UNIT
THANKS AND REGARDS
BANK ALBILAD
RIYADH
-}{5:{MAC:00000000}{CHK:FA8F323618FB}}{S:{SAC:}{COP:P}}                                                                                                                                                                                             {1:F21AGBKBDDHA0995762848560}{4:{177:2410301246}{451:0}}{1:F01AGBKBDDHA0995762848560}{2:I940SIBCSARIXXXXN}{4:
:20:AGBKFRDNRT7086
:25:7086
:28C:10/31
:60F:C241029BDT27626478,74
:61:2410271030D1905,60S103 FTN25035359 
:61:2410271030D3176,00S103 FTN25035859 
:61:2410281030D4875,16S103 FTN25037693 
:61:2410281030D3176,00S103 FTN25037768 
:61:2410281028D79400,00S103 FTN25037796 
:61:2410281030D5259,14S103 FTN25037988 
:61:2410281030D29330,36S103 FTN25038540 
:61:2410281030D2810,76S103 FTN25038560 
:61:2410281030D10115,56S103 FTN25038656 
:61:2410281030D3176,00S103 FTN25039478 
:61:2410281030D96940,80S103 FTN25039534 
:61:2410281030D34350,00S103 FTN25039701  
:61:2410281030D3176,00S103 FTN25039732 
:61:2410281030D15840,00S103 FTN25040257 
:61:2410281030D79003,00S103FTN25032702
:61:2410281030D49757,12S103FTN25036035
:62F:C241029BDT27204187,24
-}{5:{CHK:FF47082E2342}}                                                                                                                                {1:F21AGBKBDDHA0995762848561}{4:{177:2410301246}{451:0}}{1:F01AGBKBDDHA0995762848561}{2:I950EZYRGB2LXXXXN}{4:
:20:AGBKFRDBFC2024
:25:7102
:28C:10/610
:60F:C241029BDT99932495,78
:61:241029C35024,00S1031000138545479
:61:241029C49446,00S1031000138560269
:61:241029C60000,00S1031000138579804
:61:241029C349999,00S1031000138539975
:61:241029C350000,00S1031000138539965
:61:241029C27556,00S1031000138551662
:61:241029C233201,00S1031000138562721
:61:241029C100000,00S1031000138565632
:61:241029C350000,00S1031000138571493
:61:241029C30000,00S1031000138572779
:61:241029C40000,00S1031000138573156
:61:241029C31075,00S1031000138581027
:61:241029C100000,00S1031000138583213
:61:241029C25000,00S1031000138584230
:61:241029C24500,00S1031000138585338
:61:241029C40000,00S1031000138590786
:61:241029C80000,00S1031000138593878
:61:241029C66488,00S1031000138593967
:61:241029C185051,00S1031000138571136
:61:241029C300000,00S1031000138579900
:61:241029C500000,00S1031000138585709
:62F:C241029BDT102909835,78
-}{5:{CHK:CB6BF9449FB5}}                                                                                                                                                                                                                                                                                                                                                                                                                                                                                                            {1:F21AGBKBDDHA0995762848562}{4:{177:2410301247}{451:0}}{1:F01AGBKBDDHA0995762848562}{2:I950ARNBSARIXXXXN}{4:
:20:AGBKFXANB
:25:7030
:28C:10/51
:60F:C241029BDT8340646,81
:61:241029C6540000,00S910FUNDRECEIVED
:62M:C241029BDT14880646,81
-}{5:{CHK:39AA8B77F934}}                                                                                                                                                                                                                                                    {1:F21AGBKBDDHA0995762070404}{4:{177:2410301301}{451:0}}{1:F01AGBKBDDHA0995762070404}{2:O1991001241030ALBISARIAXXX79606818972410301301N}{3:{108:E199241030AKDUZE}{433:/AOK/EXCLUDED}}{4:
:20:10006743.2024
:79:KINDLY EFFECT THE BELOW MENTIONED
TRANSFER WITH THE FOLLOWING DETAILS
VALUE DATE       30/10/2024
SETTLEMENT NO    00003
FILE NAME        10006743.20241030.00003.TXT
FILE HASH TOTAL           510,192.68
ITEM NO  CCY           AMOUNT
.
0000010  BDT              510,192.68
.
PLEASE BE INFORMED THAT WE ALREADY
CREDITED TO YOUR ACCOUNT WITH THE
ABOVE MENTIONED AMOUNT AND FOR ANY
DESCREPENCIES PLEASE CALL US AT
(0099661)4798916 OR SEND FAX TO
4798918 AND ATTENTION IT TO
SAMI AL-SWADI
HEAD OF REMITTANCES UNIT
THANKS AND REGARDS
BANK ALBILAD
RIYADH
-}{5:{MAC:00000000}{CHK:6B105B0A99D2}}{S:{SAC:}{COP:P}}                                                                                                                                                                                             {1:F21AGBKBDDHA0995762848567}{4:{177:2410301354}{451:0}}{1:F01AGBKBDDHA0995762848567}{2:I950RJHISARIXXXXN}{4:
:20:AGBKFRCDNRTA7009
:25:7009
:28C:10/292
:60F:C241029BDT136229986,94
:61:241028D57153,97S103111111949924579
:61:241028D85000,00S103111111950039284
:61:241028D72553,78S103111111950091004
:61:241028D31313,83S103111111950174687
:61:241028D41277,86S103111111950407719
:61:241028D31378,29S103111111950878910
:61:241028D302717,20S103437525553
:61:241028D200000,00S103437540361
:61:241028D34364,26S103437548135
:61:241028D138191,06S103437548793
:61:241028D161400,03S103437554917
:61:241028D291252,34S103437555394
:61:241028D264385,06S103437555960
:61:241028D200050,56S103437557301
:61:241027D49941,52S103437561234
:61:241027D27829,76S103437561569
:61:241027D38121,86S103437561612
:61:241027D31196,39S103437562028
:61:241027D31768,22S103437562300
:61:241027D82597,37S103437563112
:61:241028D36533,45S103437563627
:61:241028D73066,90S103437563635
:61:241028D31768,22S103437563973
:61:241028D72067,52S103437564279
:61:241028D109503,11S103437564363
:61:241028D15884,11S103437564564
:61:241028D50829,15S103437564868
:61:241028D60000,00S103437565008
:62F:C241029BDT133607841,12
-}{5:{CHK:8D53E36F8D3F}}                                                                                                                                                                                                                                                                                                            {1:F21AGBKBDDHA0995762848568}{4:{177:2410301354}{451:0}}{1:F01AGBKBDDHA0995762848568}{2:I950RJHISARIXXXXN}{4:
:20:AGBKFRCDNRTA7009
:25:7009
:28C:10/293
:60F:C241029BDT133607841,12
:61:241028D88633,33S103437565244
:61:241028D50829,15S103437566242
:61:241028D44475,51S103437566711
:61:241028D123273,38S103437566779
:61:241028D34945,04S103437566964
:61:241028D70000,00S103437567407
:61:241028D38121,86S103437567433
:61:241028D34945,04S103437568074
:61:241028D37804,18S103437568557
:61:241028D31768,22S103437568798
:61:241028D50829,15S103437569390
:61:241028D38121,86S103437570094
:61:241028D31768,22S103437570360
:61:241028D38121,86S103437570447
:61:241028D28736,55S103437570582
:61:241028D44475,51S103437570662
:61:241028D50289,09S103437570714
:61:241028D15884,11S103437570804
:61:241028D28591,40S103437571095
:61:241028D47652,33S103437571287
:61:241028D31768,22S103437571351
:61:241028D31768,22S103437571422
:61:241028D47112,27S103437571625
:61:241028D76243,73S103437572059
:61:241028D38121,86S103437572665
:61:241028D34945,04S103437572862
:61:241028D31228,16S103437572883
:61:241028D101658,30S103437573071
:62F:C241029BDT132285729,53
-}{5:{CHK:A8317656D3EF}}                                                                                                                                                                                                                                                                                                                                                      {1:F21AGBKBDDHA0995762848569}{4:{177:2410301355}{451:0}}{1:F01AGBKBDDHA0995762848569}{2:I950RJHISARIXXXXN}{4:
:20:AGBKFRCDNRTA7009
:25:7009
:28C:10/294
:60F:C241029BDT132285729,53
:61:241028D38121,86S103437573800
:61:241028D34769,42S103437573996
:61:241028D47412,84S103437574041
:61:241028D71119,26S103437574164
:61:241028D126434,24S103437574183
:61:241028D42671,56S103437574454
:61:241028D63217,12S103437574460
:61:241028D15804,28S103437574513
:61:241028D37930,27S103437574616
:61:241028D37392,93S103437574696
:61:241028D47412,84S103437575226
:61:241028D50573,70S103437575578
:61:241028D37930,27S103437575882
:61:241028D37930,27S103437575933
:61:241028D123273,38S103437576295
:61:241028D26867,28S103437576504
:61:241028D32683,25S103437576659
:61:241028D34769,42S103437576694
:61:241028D35000,00S103437576912
:61:241028D66377,98S103437577171
:61:241028D31213,45S103437577464
:61:241028D46148,50S103437577547
:61:241028D31608,56S103437577751
:61:241028D37930,27S103437577787
:61:241028D30597,09S103437577849
:61:241028D28447,70S103437577965
:61:241028D37930,27S103437580383
:61:241027D28447,70S103437583030
:62F:C241029BDT131005713,82
-}{5:{CHK:BDEC503C057D}}                                                                                                                                                                                                                                                                                                                                                      {1:F21AGBKBDDHA0995762848571}{4:{177:2410301355}{451:0}}{1:F01AGBKBDDHA0995762848571}{2:I950RJHISARIXXXXN}{4:
:20:AGBKFRCDNRTA7009
:25:7009
:28C:10/295
:60F:C241029BDT131005713,82
:61:241028D113790,81S103437585121
:61:241028D31608,56S103437585294
:61:241028D34769,42S103437585924
:61:241028D31608,56S103437587039
:61:241028D31608,56S103437587043
:61:241028D32082,69S103437587219
:61:241028D34769,42S103437587365
:61:241028D31071,21S103437587749
:61:241028D15266,93S103437587849
:61:241028D37930,27S103437588321
:61:241028D31071,21S103437588485
:61:241028D15804,28S103437588727
:61:241028D7902,14S103437588914
:61:241028D109049,53S103437589803
:61:241028D34453,33S103437590025
:61:241028D37930,27S103437590200
:61:241028D137000,00S103437590548
:61:241028D36191,80S103437590586
:61:241028D31020,64S103437590607
:61:241028D189651,36S103437591644
:61:241028D69001,49S103437591934
:61:241028D36349,84S103437592374
:61:241028D37298,10S103437592489
:61:241028D31608,56S103437592776
:61:241028D28447,70S103437592962
:61:241028D31608,56S103437593172
:61:241028D201030,44S103437593908
:61:241028D37456,14S103437595055
:62F:C241029BDT129508332,00
-}{5:{CHK:1B0A706EA128}}                                                                                                                                                                                                                                                                                                                                                    {1:F21AGBKBDDHA0995762848572}{4:{177:2410301355}{451:0}}{1:F01AGBKBDDHA0995762848572}{2:I950RJHISARIXXXXN}{4:
:20:AGBKFRCDNRTA7009
:25:7009
:28C:10/296
:60F:C241029BDT129508332,00
:61:241028D94000,00S103437595570
:61:241028D31608,56S103437595747
:61:241028D237064,20S103437595823
:61:241028D37930,27S103437596245
:61:241028D104308,25S103437596957
:61:241028D94825,68S103437597930
:61:241028D37930,27S103437598665
:61:241028D50000,00S103437599525
:61:241028D31929,50S103437599757
:61:241028D37930,27S103437600068
:61:241028D17700,79S103437600152
:61:241028D316085,60S103437601804
:61:241028D37930,27S103437602109
:61:241028D53734,55S103437602488
:61:241028D43927,50S103437602703
:61:241028D40000,00S103437603308
:61:241028D34945,04S103437604097
:61:241028D36533,45S103437604646
:61:241028D26605,88S103437604970
:61:241028D95304,66S103437605422
:61:241028D28591,40S103437605558
:61:241028D73066,90S103437605708
:61:241028D15884,11S103437605916
:61:241028D3175,08S103437605952
:61:241028D100000,00S103437606007
:61:241028D41298,68S103437606798
:61:241028D20013,98S103437606930
:61:241028D125307,39S103437607312
:62F:C241029BDT127640699,72
-}{5:{CHK:C6A109D0AF95}}                                                                                                                                                                                                                                                                                                                                                    {1:F21AGBKBDDHA0995762848573}{4:{177:2410301355}{451:0}}{1:F01AGBKBDDHA0995762848573}{2:I950RJHISARIXXXXN}{4:
:20:AGBKFRCDNRTA7009
:25:7009
:28C:10/297
:60F:C241029BDT127640699,72
:61:241028D34151,47S103437607431
:61:241028D2542,91S103437607567
:61:241028D2542,91S103437607576
:61:241028D30990,61S103437608484
:61:241028D46063,92S103437608728
:61:241028D6353,64S103437609280
:61:241028D31768,22S103437609442
:61:241028D125307,39S103437609691
:61:241028D44251,98S103437609730
:61:241028D100000,00S103437609876
:61:241028D40000,00S103437610015
:61:241028D5703,76S103437610171
:61:241028D5703,76S103437610907
:61:241028D2542,91S103437611773
:61:241028D30000,00S103437611871
:61:241028D14223,85S103437612734
:61:241028D34945,04S103437612967
:61:241028D27829,76S103437613002
:61:241028D40473,18S103437613390
:61:241028D44475,51S103437613538
:61:241028D5703,76S103437613579
:61:241028D103184,56S103437613749
:61:241028D62901,07S103437613858
:61:241028D251741,62S103437614043
:61:241028D51838,04S103437614869
:61:241028D3176,82S103437616554
:61:241028D42315,27S103437616677
:61:241028D305476,20S103437616678
:62F:C241029BDT126144491,56
-}{5:{CHK:CF3F4A9F242D}}                                                                                                                                                                                                                                                                                                                                                           {1:F21AGBKBDDHA0995762848574}{4:{177:2410301356}{451:0}}{1:F01AGBKBDDHA0995762848574}{2:I950RJHISARIXXXXN}{4:
:20:AGBKFRCDNRTA7009
:25:7009
:28C:10/298
:60F:C241029BDT126144491,56
:61:241028D24668,90S103437617017
:61:241028D150000,00S103437617658
:61:241028D31768,22S103437618233
:61:241028D68301,67S103437618711
:61:241028D94193,51S103437618738
:61:241028D59438,32S103437618772
:61:241028D100000,00S103437618837
:61:241028D53102,38S103437618982
:61:241028D100000,00S103437620015
:61:241028D50193,79S103437620236
:61:241028D40663,32S103437620438
:61:241028D50000,00S103437620768
:61:241028D160076,81S103437621098
:61:241028D31768,22S103437621437
:61:241028D23088,47S103437621701
:61:241028D30179,81S103437621893
:61:241028D35262,72S103437621994
:61:241028D2542,91S103437622544
:61:241028D51521,95S103437622732
:61:241028D20559,79S103437622802
:61:241028D15186,33S103437623563
:61:241028D47652,33S103437623856
:61:241028D30990,61S103437624045
:61:241028D127072,88S103437624290
:61:241028D44475,51S103437624392
:61:241028D31464,74S103437624428
:61:241028D2542,91S103437624772
:61:241028D95304,66S103437624786
:62F:C241029BDT124572470,80
-}{5:{CHK:A818139CBB2D}}                                                                                                                                                                                                                                                                                                                                                     {1:F21AGBKBDDHA0995762848575}{4:{177:2410301356}{451:0}}{1:F01AGBKBDDHA0995762848575}{2:I950RJHISARIXXXXN}{4:
:20:AGBKFRCDNRTA7009
:25:7009
:28C:10/299
:60F:C241029BDT124572470,80
:61:241028D50099,57S103437624978
:61:241028D27829,76S103437625485
:61:241028D49941,52S103437625707
:61:241028D34151,47S103437625756
:61:241028D30990,61S103437625867
:61:241028D2542,91S103437625918
:61:241028D21508,04S103437625996
:61:241028D46794,89S103437626278
:61:241028D100000,00S103437626300
:61:241028D35731,90S103437626507
:61:241028D2542,91S103437626728
:61:241028D34151,47S103437627037
:61:241028D43840,14S103437627130
:61:241028D15235,33S103437627300
:61:241028D156915,95S103437627730
:61:241028D40027,96S103437627790
:61:241028D30000,00S103437628082
:61:241028D50003,18S103437628220
:61:241028D45000,00S103437628295
:61:241028D198007,08S103437628331
:61:241028D53102,38S103437628916
:61:241028D5689,54S103437629231
:61:241028D10000,00S103437629439
:61:241028D47652,33S103437629587
:61:241028D34404,98S103437630010
:61:241028D38121,86S103437630018
:61:241028D62584,95S103437630104
:61:241028D62584,95S103437630348
:62F:C241029BDT123243015,12
-}{5:{CHK:86923E0DF1D5}}                                                                                                                                                                                                                                                                                                                                                        {1:F21AGBKBDDHA0995762848576}{4:{177:2410301356}{451:0}}{1:F01AGBKBDDHA0995762848576}{2:I950RJHISARIXXXXN}{4:
:20:AGBKFRCDNRTA7009
:25:7009
:28C:10/300
:60F:C241029BDT123243015,12
:61:241028D5703,76S103437630435
:61:241028D2542,91S103437630528
:61:241028D43634,04S103437631037
:61:241028D96859,69S103437631344
:61:241028D37312,32S103437631470
:61:241028D15336,11S103437631496
:61:241028D21493,82S103437631508
:61:241028D28462,10S103437631613
:61:241028D2542,91S103437631765
:61:241028D204328,80S103437632509
:61:241028D32403,58S103437632641
:61:241028D8864,62S103437632710
:61:241028D49941,52S103437633455
:61:241028D56168,41S103437633778
:61:241028D31768,22S103437633822
:61:241028D15186,33S103437634001
:61:241028D31768,22S103437634200
:61:241028D34627,36S103437634673
:61:241028D31768,22S103437635083
:61:241028D299126,12S103437635165
:61:241028D43935,45S103437635211
:61:241028D15802,78S103437635427
:61:241028D31853,22S103437635913
:61:241028D47779,83S103437636209
:61:241028D101611,77S103437636961
:61:241028D94922,60S103437637000
:61:241028D24666,56S103437637096
:61:241028D20704,59S103437637175
:62F:C241029BDT121811899,26
-}{5:{CHK:8FC39910DD82}}                                                                                                                                                                                                                                                                                                                                                         {1:F21AGBKBDDHA0995762848577}{4:{177:2410301357}{451:0}}{1:F01AGBKBDDHA0995762848577}{2:I950RJHISARIXXXXN}{4:
:20:AGBKFRCDNRTA7009
:25:7009
:28C:10/301
:60F:C241029BDT121811899,26
:61:241028D25641,84S103437637200
:61:241028D40469,34S103437637463
:61:241028D30987,67S103437637586
:61:241028D30000,00S103437638306
:61:241028D49053,96S103437638864
:61:241028D200000,00S103437639404
:61:241028D22297,25S103437639423
:61:241028D126875,79S103437639967
:61:241028D34148,23S103437640031
:61:241028D31439,13S103437640157
:61:241028D30987,67S103437640265
:61:241028D15184,89S103437640333
:61:241028D75235,46S103437640847
:61:241028D32649,55S103437641623
:61:241028D54787,54S103437641631
:61:241028D40469,34S103437641646
:61:241028D62579,01S103437641657
:61:241028D19111,93S103437642236
:61:241028D100000,00S103437642428
:61:241028D31853,22S103437642712
:61:241028D156901,06S103437643165
:61:241028D44021,15S103437643177
:61:241028D200000,00S103437643339
:61:241028D8863,78S103437644681
:61:241028D21341,66S103437644802
:61:241028D125295,51S103437644904
:61:241028D46790,46S103437645111
:61:241028D200000,00S103437645217
:62F:C241029BDT119954913,82
-}{5:{CHK:CA57C5EA807A}}                                                                                                                                                                                                                                                                                                                                                  {1:F21AGBKBDDHA0995762848578}{4:{177:2410301357}{451:0}}{1:F01AGBKBDDHA0995762848578}{2:I950RJHISARIXXXXN}{4:
:20:AGBKFRCDNRTA7009
:25:7009
:28C:10/302
:60F:C241029BDT119954913,82
:61:241028D50168,82S103437645250
:61:241028D30260,56S103437645384
:61:241028D2542,67S103437645568
:61:241028D40000,00S103437645748
:61:241028D50000,00S103437645994
:61:241028D9555,97S103437646504
:61:241028D30987,67S103437647397
:61:241028D153740,52S103437648038
:61:241028D24666,56S103437648545
:61:241028D62579,01S103437648861
:61:241028D147419,40S103437648966
:61:241028D50000,00S103437649046
:61:241028D100000,00S103437649378
:61:241028D38223,86S103437649678
:61:241028D30000,00S103437649744
:61:241028D38889,06S103437650027
:61:241028D62579,01S103437650107
:61:241028D30987,67S103437650201
:61:241028D38223,86S103437650299
:61:241028D54150,47S103437650550
:61:241028D31619,79S103437650759
:61:241028D62579,01S103437651210
:61:241028D57017,26S103437651437
:61:241028D63706,44S103437651498
:61:241028D2542,67S103437651565
:61:241028D31853,22S103437651909
:61:241028D35038,54S103437652562
:61:241028D10000,00S103437653317
:62F:C241029BDT118615581,78
-}{5:{CHK:F9FAC9A012CC}}                                                                                                                                                                                                                                                                                                                                                        {1:F21AGBKBDDHA0995762848579}{4:{177:2410301357}{451:0}}{1:F01AGBKBDDHA0995762848579}{2:I950RJHISARIXXXXN}{4:
:20:AGBKFRCDNRTA7009
:25:7009
:28C:10/303
:60F:C241029BDT118615581,78
:61:241028D25482,58S103437653331
:61:241028D20000,00S103437653437
:61:241028D1594,50S103437653782
:61:241028D1592,66S103437654136
:61:241028D62579,01S103437654187
:61:241028D16765,17S103437654344
:61:241028D195164,69S103437654679
:61:241028D35038,54S103437655167
:61:241028D2542,67S103437655269
:61:241028D2542,67S103437655309
:61:241028D4108,72S103437655337
:61:241028D2542,67S103437655457
:61:241028D137926,69S103437655635
:61:241028D54677,62S103437655686
:61:241028D63069,38S103437655996
:61:241028D254825,77S103437656308
:61:241028D21506,01S103437656621
:61:241028D2542,67S103437656778
:61:241028D60000,00S103437656922
:61:241028D46790,46S103437657108
:61:241028D37308,79S103437657488
:61:241028D49841,97S103437657699
:61:241028D62579,01S103437657835
:61:241028D15184,89S103437658084
:61:241028D31853,22S103437658141
:61:241028D46681,42S103437658638
:61:241028D100011,06S103437658684
:61:241028D60521,12S103437658689
:62F:C241029BDT117200307,82
-}{5:{CHK:E10A94A78D1C}}                                                                                                                                                                                                                                                                                                                                                           {1:F21AGBKBDDHA0995762848581}{4:{177:2410301358}{451:0}}{1:F01AGBKBDDHA0995762848581}{2:I950RJHISARIXXXXN}{4:
:20:AGBKFRCDNRTA7009
:25:7009
:28C:10/304
:60F:C241029BDT117200307,82
:61:241028D30260,56S103437658694
:61:241028D35112,36S103437658853
:61:241028D31145,70S103437659101
:61:241028D2542,67S103437659107
:61:241028D15184,89S103437659112
:61:241028D28667,90S103437659286
:61:241028D28445,01S103437659319
:61:241028D31853,22S103437659669
:61:241028D30000,00S103437660482
:61:241028D111486,27S103437660491
:61:241028D28667,90S103437660729
:61:241028D7007,71S103437660923
:61:241028D89127,69S103437661224
:61:241028D40963,24S103437661276
:61:241028D50965,15S103437661292
:61:241028D110000,00S103437661362
:61:241028D11148,63S103437661415
:61:241028D56890,01S103437661526
:61:241028D54150,47S103437661917
:61:241028D40000,00S103437661996
:61:241028D12024,34S103437662209
:61:241028D40931,39S103437662753
:61:241028D30973,45S103437663453
:61:241028D62579,01S103437663460
:61:241028D37294,56S103437663861
:61:241028D50000,00S103437664067
:61:241028D30987,67S103437664174
:61:241028D37308,79S103437664219
:62F:C241029BDT116064589,23
-}{5:{CHK:5496C9661415}}                                                                                                                                                                                                                                                                                                                                                        {1:F21AGBKBDDHA0995762848583}{4:{177:2410301358}{451:0}}{1:F01AGBKBDDHA0995762848583}{2:I950RJHISARIXXXXN}{4:
:20:AGBKFRCDNRTA7009
:25:7009
:28C:10/305
:60F:C241029BDT116064589,23
:61:241028D15184,89S103437664390
:61:241028D20704,59S103437664402
:61:241028D21819,46S103437664489
:61:241028D31853,22S103437665143
:61:241028D50965,15S103437665472
:61:241028D47779,83S103437665875
:61:241028D50000,00S103437666161
:61:241028D62579,01S103437666793
:61:241028D31605,56S103437679501
:61:241028D44247,79S103437679871
:61:241028D139064,48S103437680381
:61:241028D63211,13S103437680412
:61:241028D85000,00S103437680647
:61:241028D53729,46S103437681735
:61:241028D61630,85S103437682078
:61:241028D63211,13S103437682342
:61:241028D30025,28S103437682557
:61:241028D34766,12S103437682792
:61:241028D21491,78S103437683011
:61:241028D18963,34S103437683111
:61:241028D50094,82S103437683323
:61:241028D30215,32S103PO43751122704033
:62F:C241029BDT115036446,02
-}{5:{CHK:181C7F378772}}                            {1:F21AGBKBDDHA0995762848584}{4:{177:2410301359}{451:0}}{1:F01AGBKBDDHA0995762848584}{2:I950ALBISARIXXXXN}{4:
:20:AGBKPBNRTA0031
:25:7031
:28C:10/105
:60F:C241029BDT74471595,21
:61:241027D31761,79S103FT24301000044157
:61:241027D47642,68S103FT24301000180030
:61:241027D158175,58S103FT24301000522884
:61:241027D53995,04S103FT24301001016209
:61:241027D316986,41S103FT24301001317322
:61:241027D31761,79S103FT24301001500563
:61:241027D31761,79S103FT24301001882027
:61:241027D40750,85S103FT24301001900972
:61:241027D74005,84S103FT24301002230561
:61:241027D100686,00S103FT24301003801086
:61:241027D41290,32S103FT24301007010078
:61:241027D44466,50S103FT24301007105780
:61:241027D41290,32S103FT24301007800367
:61:241027D30000,00S103FT24301008829509
:61:241027D31317,12S103FT24301009201691
:61:241027D38114,14S103FT24301009230770
:61:241027D31761,79S103FT24301009997000
:61:241027D50000,00S103FT24301039887269
:61:241027D40751,00S103FT24301041155576
:61:241027D37574,64S103FT24301044009676
:61:241027D40000,00S103FT24301048400871
:61:241027D126095,80S103FT24301051945579
:61:241027D31761,79S103FT24301053940532
:61:241027D34937,97S103FT24301057078528
:61:241027D31126,92S103FT24301057413002
:61:241027D34937,97S103FT24301062180276
:61:241027D107990,07S103FT24301063084615
:61:241027D45197,02S103FT24301064477897
:62F:C241029BDT72745454,07
-}{5:{CHK:ADE35CC702E1}}                                                                                                                                                   {1:F21AGBKBDDHA0995762848586}{4:{177:2410301400}{451:0}}{1:F01AGBKBDDHA0995762848586}{2:I950ALBISARIXXXXN}{4:
:20:AGBKPBNRTA0031
:25:7031
:28C:10/106
:60F:C241029BDT72745454,07
:61:241027D38114,14S103FT24301067181200
:61:241027D122919,58S103FT24301069206103
:61:241027D32905,21S103FT24301069806033
:61:241027D56377,84S103FT24301109623273
:61:241027D66065,30S103FT24301121058807
:61:241027D62889,09S103FT24301122270601
:61:241027D316192,36S103FT24301133156261
:61:241027D97509,84S103FT24301164827543
:61:241027D38500,00S103FT24301210500903
:61:241027D72131,02S103FT24301210876986
:61:241027D31761,79S103FT24301210930904
:61:241027D50000,00S103FT24301230204554
:61:241027D31222,20S103FT24301236044379
:61:241027D15245,84S103FT24301247217604
:61:241027D32715,03S103FT24301247531802
:61:241027D76228,29S103FT24301247580440
:61:241027D43927,08S103FT24301249796345
:61:241027D252506,20S103FT24301253847620
:61:241027D37479,35S103FT24301255137190
:61:241027D44021,84S103FT24301256148007
:61:241027D20000,00S103FT24301257507634
:61:241027D85756,82S103FT24301258062479
:61:241027D15880,89S103FT24301258931140
:61:241027D44460,03S103FT24301321309640
:61:241027D316192,35S103FT24301337044767
:61:241027D31222,21S103FT24301354161704
:61:241027D31317,12S103FT24301375202808
:61:241027D34937,97S103FT24301376024714
:62F:C241029BDT70646974,68
-}{5:{CHK:7C4CFF1DEBFA}}                                                                                                                                                    {1:F21AGBKBDDHA0995762848587}{4:{177:2410301401}{451:0}}{1:F01AGBKBDDHA0995762848587}{2:I950ALBISARIXXXXN}{4:
:20:AGBKPBNRTA0031
:25:7031
:28C:10/107
:60F:C241029BDT70646974,68
:61:241027D59870,97S103FT24301376061787
:61:241027D201848,56S103FT24301409695865
:61:241027D28681,24S103FT24301409773525
:61:241027D35986,53S103FT24301427226801
:61:241027D62730,27S103FT24301445562344
:61:241027D119743,36S103FT24301500545077
:61:241027D100050,80S103FT24301505375162
:61:241027D220905,86S103FT24301518128332
:61:241027D50025,40S103FT24301519048420
:61:241027D72258,92S103FT24301527406541
:61:241027D25409,73S103FT24301568307030
:61:241027D56726,55S103FT24301569547609
:61:241027D31317,12S103FT24301570269089
:61:241027D44466,50S103FT24301571884269
:61:241027D132448,23S103FT24301596010061
:61:241027D316192,35S103FT24301598026401
:61:241027D63524,33S103FT24301600018298
:61:241027D31762,16S103FT24301600066212
:61:241027D78611,00S103FT24301600577081
:61:241027D31317,12S103FT24301602660807
:61:241027D27950,71S103FT24301604415996
:61:241027D48596,11S103FT24301604635758
:61:241027D27505,71S103FT24301605660812
:61:241027D316986,41S103FT24301607269909
:61:241027D27950,71S103FT24301608380804
:61:241027D34398,42S103FT24301614160247
:61:241027D23599,28S103FT24301632196296
:61:241027D111167,58S103FT24301658169109
:62F:C241029BDT68264942,75
-}{5:{CHK:4D892B856256}}                                                                                                                                                {1:F21AGBKBDDHA0995762070428}{4:{177:2410301401}{451:0}}{1:F01AGBKBDDHA0995762070428}{2:O1991101241030ALBISARIAXXX79606824832410301401N}{3:{108:E199241030AKDW6O}{433:/AOK/EXCLUDED}}{4:
:20:10006743.2024
:79:KINDLY EFFECT THE BELOW MENTIONED
TRANSFER WITH THE FOLLOWING DETAILS
VALUE DATE       30/10/2024
SETTLEMENT NO    00004
FILE NAME        10006743.20241030.00004.TXT
FILE HASH TOTAL           791,867.41
ITEM NO  CCY           AMOUNT
.
0000015  BDT              791,867.41
.
PLEASE BE INFORMED THAT WE ALREADY
CREDITED TO YOUR ACCOUNT WITH THE
ABOVE MENTIONED AMOUNT AND FOR ANY
DESCREPENCIES PLEASE CALL US AT
(0099661)4798916 OR SEND FAX TO
4798918 AND ATTENTION IT TO
SAMI AL-SWADI
HEAD OF REMITTANCES UNIT
THANKS AND REGARDS
BANK ALBILAD
RIYADH
-}{5:{MAC:00000000}{CHK:3BB42336A8F0}}{S:{SAC:}{COP:P}}                                                                                                                                                                                             {1:F21AGBKBDDHA0995762848588}{4:{177:2410301402}{451:0}}{1:F01AGBKBDDHA0995762848588}{2:I950ALBISARIXXXXN}{4:
:20:AGBKPBNRTA0031
:25:7031
:28C:10/108
:60F:C241029BDT68264942,75
:61:241027D293958,84S103FT24301663745338
:61:241027D78959,80S103FT24301671454706
:61:241027D43927,07S103FT24301685957174
:61:241027D44466,50S103FT24301705646467
:61:241027D48913,15S103FT24301706196061
:61:241027D69558,31S103FT24301712392605
:61:241027D120060,98S103FT24301713667978
:61:241027D30173,70S103FT24301715377969
:61:241027D126413,42S103FT24301715926167
:61:241027D37479,35S103FT24301716199075
:61:241027D75435,14S103FT24301756899005
:61:241027D41386,10S103FT24301782555806
:61:241027D36081,39S103FT24301785137426
:61:241027D44466,50S103FT24301786045230
:61:241027D31761,79S103FT24301789558824
:61:241027D31285,36S103FT24301789664857
:61:241027D56377,80S103FT24301837442832
:61:241027D90000,00S103FT24301856758370
:61:241027D62730,28S103FT24301915057685
:61:241027D15436,23S103FT24301941256334
:61:241027D28585,61S103FT24301941500207
:61:241027D129907,25S103FT24301941535631
:61:241027D79404,47S103FT24301942246488
:61:241027D31126,92S103FT24301942314761
:61:241027D37479,35S103FT24301943004117
:61:241027D100000,00S103FT24301949761399
:61:241027D31222,21S103FT24301956030020
:61:241027D50000,00S103FT24301956088909
:62F:C241029BDT66398345,23
-}{5:{CHK:EE54D504B7E7}}                                                                                                                                                   {1:F21AGBKBDDHA0995762848589}{4:{177:2410301402}{451:0}}{1:F01AGBKBDDHA0995762848589}{2:I950ALBISARIXXXXN}{4:
:20:AGBKPBNRTA0031
:25:7031
:28C:10/109
:60F:C241029BDT66398345,23
:61:241027D35000,00S103FT24301972810900
:61:241027D31762,16S103FT24301996946332
:61:241029D316986,40S103FT24299056600123
:61:241029D316986,40S103FT24299121759286
:61:241027D34937,97S103FT24301025786832
:62F:C241029BDT65662672,30
-}{5:{CHK:86A974A11484}}                                                                     {1:F21AGBKBDDHA0995762848590}{4:{177:2410301402}{451:0}}{1:F01AGBKBDDHA0995762848590}{2:I950ARNBSARIXXXXN}{4:
:20:AGBKFXANB
:25:7030
:28C:10/52
:60F:C241029BDT14880646,81
:61:241029D120000,00S103241921020457
:61:241029D158913,00S103242831014119
:61:241029D198562,00S103242831014120
:61:241029D207348,00S103242921052904
:61:241029D300000,00S103242921053097
:61:241029D300000,00S103242921053103
:61:241029D101405,00S103242961008971
:61:241029D44185,00S103242961009022
:61:241029D216134,00S103243891040413
:61:241029D31405,00S103243891040463
:61:241029D254472,00S103243891040473
:61:241029D58562,00S103243921045078
:61:241029D63350,00S103243931047771
:61:241029D286421,00S103243931048039
:61:241029D37800,00S103243931048043
:61:241029D286421,00S103243931048044
:61:241029D300000,00S103244171013707
:61:241029D17827,00S103244171013708
:61:241029D180000,00S103244181072794
:61:241029D144536,00S103244181072879
:61:241029D126964,00S103244341015987
:61:241029D55000,00S103244721023608
:61:241029D27156,00S103244721023622
:61:241029D200000,00S103245321014888
:61:241029D40990,00S103246021016043
:61:241029D47380,00S103246811019501
:61:241029D142630,73S103247081992777
:61:241029D108022,92S103247081996428
:62F:C241029BDT10825162,16
-}{5:{CHK:674982415059}}                                                                                                                                                                                                                                                            {1:F21AGBKBDDHA0995762848591}{4:{177:2410301403}{451:0}}{1:F01AGBKBDDHA0995762848591}{2:I950ARNBSARIXXXXN}{4:
:20:AGBKFXANB
:25:7030
:28C:10/53
:60F:C241029BDT10825162,16
:61:241029D57943,33S103247081996621
:61:241029D105146,12S103247081997866
:61:241029D71160,57S103247081998200
:61:241029D83561,21S103247081999370
:61:241029D53794,64S103247082005976
:61:241029D60832,27S103248771091213
:62F:C241029BDT10392724,02
-}{5:{CHK:ABD5CFA89F82}}                                                           {1:F21AGBKBDDHA0995762848592}{4:{177:2410301403}{451:0}}{1:F01AGBKBDDHA0995762848592}{2:I950EZYRGB2LXXXXN}{4:
:20:AGBKFRDBFC2021
:25:7102
:28C:10/611
:60F:C241029BDT102909835,78
:61:241029D499999,00S1031000138609163
:61:241029D499950,00S1031000138609166
:61:241029D499900,00S1031000138609168
:61:241029D499975,00S1031000138609171
:61:241029D499450,00S1031000138609173
:61:241029D499990,00S1031000138609177
:61:241029D499991,00S1031000138609179
:61:241029D498525,00S1031000138609182
:61:241029D499992,00S1031000138609183
:61:241029D499993,00S1031000138609185
:61:241029D498545,00S1031000138609188
:61:241029D499994,00S1031000138609189
:61:241029D499995,00S1031000138609198
:61:241029D500000,00S1031000138609219
:61:241029D498000,00S1031000138609262
:61:241029D499999,00S1031000138609269
:61:241029D487805,00S1031000138609297
:61:241029D499999,00S1031000138609302
:61:241029D451866,00S1031000138609329
:61:241029D347710,00S1031000138609364
:61:241029D500000,00S1031000138609401
:61:241029D499999,00S1031000138609413
:61:241029D487810,00S1031000138609518
:61:241029D500000,00S1031000138609522
:61:241029D487000,00S1031000138609614
:61:241029D487000,00S1031000138609632
:61:241029D499998,00S1031000138609669
:61:241029D499999,00S1031000138609863
:62F:C241029BDT89166351,78
-}{5:{CHK:79989C3F50F0}}                                                                                                                                                                                                               {1:F21AGBKBDDHA0995762848593}{4:{177:2410301403}{451:0}}{1:F01AGBKBDDHA0995762848593}{2:I950EZYRGB2LXXXXN}{4:
:20:AGBKFRDBFC2021
:25:7102
:28C:10/612
:60F:C241029BDT89166351,78
:61:241029D499500,00S1031000138609926
:61:241029D450000,00S1031000138610082
:61:241029D487810,00S1031000138610306
:61:241029D499903,00S1031000138610510
:61:241029D487811,00S1031000138610547
:61:241029D500000,00S1031000138610568
:61:241029D487805,00S1031000138610580
:61:241029D487808,00S1031000138610606
:61:241029D27785,00S1031000138610675
:61:241029D496351,00S1031000138610785
:61:241029D146322,00S1031000138611092
:61:241029D500000,00S1031000138611257
:61:241029D87845,00S1031000138611352
:61:241029D499700,00S1031000138611466
:61:241029D499802,00S1031000138611469
:61:241029D492452,20S1031000138611620
:61:241029D499900,00S1031000138611691
:61:241029D50000,00S1031000138611816
:61:241029D473486,00S1031000138612230
:61:241029D490000,00S1031000138612261
:61:241029D292685,00S1031000138612549
:61:241029D499994,00S1031000138612573
:61:241029D36000,00S1031000138615349
:61:241029D451360,00S1031000138615438
:61:241029D40000,00S1031000138615839
:61:241029D63000,00S1031000138616806
:61:241029D500000,00S1031000138617914
:61:241029D35000,00S1031000138618729
:62F:C241029BDT79084032,58
-}{5:{CHK:47CF735074C6}}                                                                                                                                                                                                                       {1:F21AGBKBDDHA0995762848594}{4:{177:2410301403}{451:0}}{1:F01AGBKBDDHA0995762848594}{2:I950EZYRGB2LXXXXN}{4:
:20:AGBKFRDBFC2021
:25:7102
:28C:10/613
:60F:C241029BDT79084032,58
:61:241029D75000,00S1031000138620643
:61:241029D500000,00S1031000138621511
:61:241029D192157,00S1031000138621709
:61:241029D500000,00S1031000138621936
:61:241029D120000,00S1031000138594777
:61:241029D73180,00S1031000138598310
:61:241029D243905,00S1031000138598324
:61:241029D97570,00S1031000138598460
:61:241029D150000,00S1031000138598501
:61:241029D100000,00S1031000138598641
:61:241029D20000,00S1031000138598879
:61:241029D91307,82S1031000138599048
:61:241029D108047,00S1031000138600967
:61:241029D30000,00S1031000138601427
:61:241029D65000,00S1031000138601919
:61:241029D44014,00S1031000138601923
:61:241029D26000,00S1031000138602124
:61:241029D15000,00S1031000138602385
:61:241029D20000,00S1031000138603209
:61:241029D50000,00S1031000138603418
:61:241029D30000,00S1031000138603640
:61:241029D20000,00S1031000138603754
:61:241029D30000,00S1031000138603830
:61:241029D60016,00S1031000138604020
:61:241029D50000,00S1031000138604291
:61:241029D70000,00S1031000138605019
:61:241029D50000,00S1031000138605768
:61:241029D31300,00S1031000138606257
:62F:C241029BDT76221535,76
-}{5:{CHK:CE433B9067B8}}                                                                                                                                                                                                                                    {1:F21AGBKBDDHA0995762848595}{4:{177:2410301404}{451:0}}{1:F01AGBKBDDHA0995762848595}{2:I950EZYRGB2LXXXXN}{4:
:20:AGBKFRDBFC2021
:25:7102
:28C:10/614
:60F:C241029BDT76221535,76
:61:241029D159312,00S1031000138607106
:61:241029D30000,00S1031000138608190
:61:241029D6000,00S1031000138608293
:61:241029D300000,00S1031000138608322
:61:241029D28920,00S103118552226856
:61:241029D117486,00S103164960645318
:61:241029D10000,00S103281221163179
:61:241029D150000,00S103318686948055
:61:241029D30000,00S103359994538772
:61:241029D10000,00S103430829357333
:61:241029D7500,00S103454826768451
:61:241029D63123,00S103533133589951
:61:241029D11000,00S103540848067927
:61:241029D68355,00S103578351433996
:61:241029D48637,00S103579132953559
:61:241029D33000,00S103701991970755
:61:241029D38742,00S103702413199044
:61:241029D40000,00S103754810459155
:61:241029D55220,00S103803871089106
:61:241029D35000,00S103906675988094
:61:241029D15000,00S103959404921922
:62F:C241029BDT74964240,76
-}{5:{CHK:7FE6C6FAE291}}     {1:F21AGBKBDDHA0995762848596}{4:{177:2410301404}{451:0}}{1:F01AGBKBDDHA0995762848596}{2:I950NCBKSAJEXXXXN}{4:
:20:FRGII/ST/241029
:25:NRT7055
:28C:10/281
:60F:C241029BDT82895778,85
:61:241029D286167,80S103QPAY161243020042
:61:241029D6373,13S103QPAY161243020077
:61:241029D2583,55S103QPAY297242940016
:61:241029D2600,24S103QPAY492243020103
:61:241029D10000,00S103QPAY610242887264
:61:241029D107679,88S103QPAY610242901299
:61:241029D18533,66S103QPAY610242972750
:61:241029D142813,73S103QPAY610242981036
:61:241029D6371,90S103QPAY610243000628
:61:241029D71097,70S103QPAY610243010453
:61:241029D100727,05S103QPAY610243012213
:61:241029D8971,64S103QPAY610243012254
:61:241029D72690,67S103QPAY610243016325
:61:241029D2599,74S103QPAY610243016985
:61:241029D173048,16S103QPAY610243017183
:61:241029D63132,82S103QPAY610243017293
:61:241029D40831,16S103QPAY610243019604
:61:241029D37645,20S103QPAY610243019984
:61:241029D10564,62S103QPAY610243019999
:61:241029D2599,74S103QPAY610243020078
:61:241029D2599,74S103QPAY610243020086
:61:241029D2599,74S103QPAY610243020090
:61:241029D15343,54S103QPAY610243020156
:61:241029D45000,00S103QPAY610243020178
:61:241029D21396,85S103QPAY610243020202
:61:241029D82248,53S103QPAY610243020326
:61:241029D50389,01S103QPAY610243020351
:61:241029D63132,82S103QPAY610243020360
:62F:C241029BDT81446036,23
-}{5:{CHK:9695AA45B817}}                                                                                                                                                        {1:F21AGBKBDDHA0995762848597}{4:{177:2410301405}{451:0}}{1:F01AGBKBDDHA0995762848597}{2:I950NCBKSAJEXXXXN}{4:
:20:FRGII/ST/241029
:25:NRT7055
:28C:10/288
:60F:C241029BDT73814511,25
:61:241029D21719,63S103QPAY610243029207
:61:241029D20122,47S103QPAY611243010021
:61:241029D2599,74S103QPAY611243010062
:61:241029D101364,24S103QPAY611243010347
:61:241029D28087,35S103QPAY611243010477
:61:241029D63132,82S103QPAY611243010509
:61:241029D69511,42S103QPAY763243020027
:61:241029D62745,71S103QPAY828242969199
:61:241029D12500,00S103QPAY828243004411
:61:241029D384563,47S103QPAY828243004570
:61:241029D1592,98S103QPAY828243008084
:61:241029D110871,12S103QPAY828243008817
:61:241029D50000,00S103QPAY828243020039
:61:241029D25000,00S103QPAY828243020096
:61:241029D9557,85S103QPAY828243021250
:61:241029D53523,99S103QPAY828243021546
:61:241029D10000,00S103QPAY828243021805
:61:241029D120479,95S103QPAY828243021854
:61:241029D25487,61S103QPAY828243022188
:61:241029D31859,52S103QPAY828243022574
:61:241029D50975,23S103QPAY828243023186
:61:241029D47203,06S103QPAY828243023193
:61:241029D95578,55S103QPAY828243023469
:61:241029D25000,00S103QPAY828243023631
:61:241029D1592,98S103QPAY828243023683
:61:241029D30000,00S103QPAY828243024006
:61:241029D37645,20S103QPAY828243024052
:61:241029D30000,00S103QPAY828243024460
:62F:C241029BDT72291796,36
-}{5:{CHK:A4754ADD564E}}                                                                                                                                                    {1:F21AGBKBDDHA0995762848599}{4:{177:2410301407}{451:0}}{1:F01AGBKBDDHA0995762848599}{2:I950NCBKSAJEXXXXN}{4:
:20:FRGII/ST/241029
:25:NRT7055
:28C:10/282
:60F:C241029BDT81446036,23
:61:241029D50070,42S103QPAY610243020424
:61:241029D26494,37S103QPAY610243020506
:61:241029D34459,25S103QPAY610243020590
:61:241029D5785,69S103QPAY610243020657
:61:241029D63132,82S103QPAY610243020698
:61:241029D48796,03S103QPAY610243020739
:61:241029D25487,61S103QPAY610243020753
:61:241029D24901,40S103QPAY610243020768
:61:241029D12796,43S103QPAY610243020851
:61:241029D100000,00S103QPAY610243020912
:61:241029D37648,83S103QPAY610243021207
:61:241029D50000,00S103QPAY610243021266
:61:241029D10247,01S103QPAY610243021273
:61:241029D47207,61S103QPAY610243021398
:61:241029D5786,25S103QPAY610243021403
:61:241029D85442,71S103QPAY610243021411
:61:241029D190589,25S103QPAY610243021557
:61:241029D47207,61S103QPAY610243021577
:61:241029D24903,80S103QPAY610243021650
:61:241029D104560,27S103QPAY610243021747
:61:241029D15345,02S103QPAY610243021810
:61:241029D5786,25S103QPAY610243021881
:61:241029D50393,87S103QPAY610243021910
:61:241029D15345,02S103QPAY610243021920
:61:241029D5786,25S103QPAY610243021968
:61:241029D102967,14S103QPAY610243021986
:61:241029D34462,57S103QPAY610243022232
:61:241029D34462,57S103QPAY610243022368
:62F:C241029BDT80185970,18
-}{5:{CHK:3217E9706B98}}                                                                                                                                                    {1:F21AGBKBDDHA0995762848601}{4:{177:2410301407}{451:0}}{1:F01AGBKBDDHA0995762848601}{2:I950NCBKSAJEXXXXN}{4:
:20:FRGII/ST/241029
:25:NRT7055
:28C:10/283
:60F:C241029BDT80185970,18
:61:241029D95925,51S103QPAY610243022395
:61:241029D29683,19S103QPAY610243022403
:61:241029D34462,57S103QPAY610243022405
:61:241029D10565,63S103QPAY610243022419
:61:241029D15345,02S103QPAY610243022483
:61:241029D2599,99S103QPAY610243022513
:61:241029D5786,25S103QPAY610243022548
:61:241029D170000,00S103QPAY610243022630
:61:241029D20000,00S103QPAY610243022633
:61:241029D2599,99S103QPAY610243022689
:61:241029D5786,25S103QPAY610243022707
:61:241029D2599,99S103QPAY610243022844
:61:241029D101370,75S103QPAY610243022981
:61:241029D12158,37S103QPAY610243022983
:61:241029D56764,56S103QPAY610243022994
:61:241029D1962,67S103QPAY610243023008
:61:241029D72695,34S103QPAY610243023029
:61:241029D2600,24S103QPAY610243023131
:61:241029D4779,85S103QPAY610243023133
:61:241029D47212,16S103QPAY610243023166
:61:241029D2600,24S103QPAY610243023199
:61:241029D101383,78S103QPAY610243023259
:61:241029D2600,24S103QPAY610243023272
:61:241029D40839,03S103QPAY610243023284
:61:241029D50398,73S103QPAY610243023308
:61:241029D15346,50S103QPAY610243023318
:61:241029D5786,80S103QPAY610243023411
:61:241029D2600,24S103QPAY610243023499
:62F:C241029BDT79269516,29
-}{5:{CHK:3A3E97404A70}}                                                                                                                                                             {1:F21AGBKBDDHA0995762848602}{4:{177:2410301408}{451:0}}{1:F01AGBKBDDHA0995762848602}{2:I950NCBKSAJEXXXXN}{4:
:20:FRGII/ST/241029
:25:NRT7055
:28C:10/284
:60F:C241029BDT79269516,29
:61:241029D101383,78S103QPAY610243023568
:61:241029D25492,53S103QPAY610243023595
:61:241029D40839,03S103QPAY610243023615
:61:241029D2600,24S103QPAY610243023752
:61:241029D212913,60S103QPAY610243023832
:61:241029D44025,60S103QPAY610243023950
:61:241029D15346,50S103QPAY610243023965
:61:241029D79077,82S103QPAY610243023973
:61:241029D100000,00S103QPAY610243023996
:61:241029D2600,24S103QPAY610243024004
:61:241029D65324,60S103QPAY610243024042
:61:241029D50000,00S103QPAY610243024057
:61:241029D2600,24S103QPAY610243024074
:61:241029D139303,92S103QPAY610243024077
:61:241029D31279,33S103QPAY610243024170
:61:241029D2600,24S103QPAY610243024199
:61:241029D15346,50S103QPAY610243024215
:61:241029D38289,78S103QPAY610243024226
:61:241029D64738,27S103QPAY610243024270
:61:241029D126876,31S103QPAY610243024318
:61:241029D31279,33S103QPAY610243024352
:61:241029D15346,50S103QPAY610243024456
:61:241029D59958,43S103QPAY610243024479
:61:241029D21719,63S103QPAY610243024484
:61:241029D158741,97S103QPAY610243024524
:61:241029D32553,96S103QPAY610243024573
:61:241029D28092,77S103QPAY610243024591
:61:241029D2600,24S103QPAY610243024638
:62F:C241029BDT77758584,93
-}{5:{CHK:6F3A3321863F}}                                                                                                                                                   {1:F21AGBKBDDHA0995762848604}{4:{177:2410301408}{451:0}}{1:F01AGBKBDDHA0995762848604}{2:I950NCBKSAJEXXXXN}{4:
:20:FRGII/ST/241029
:25:NRT7055
:28C:10/285
:60F:C241029BDT77758584,93
:61:241029D28092,77S103QPAY610243024739
:61:241029D21719,63S103QPAY610243024741
:61:241029D2600,24S103QPAY610243025004
:61:241029D18533,07S103QPAY610243025070
:61:241029D8973,37S103QPAY610243025222
:61:241029D2600,24S103QPAY610243025224
:61:241029D82901,70S103QPAY610243025242
:61:241029D2600,24S103QPAY610243025278
:61:241029D40839,03S103QPAY610243025282
:61:241029D5786,80S103QPAY610243025320
:61:241029D2600,24S103QPAY610243025354
:61:241029D82264,39S103QPAY610243025360
:61:241029D2600,24S103QPAY610243025435
:61:241029D28092,77S103QPAY610243025488
:61:241029D63731,32S103QPAY610243025492
:61:241029D2600,24S103QPAY610243025498
:61:241029D61551,71S103QPAY610243025519
:61:241029D53585,29S103QPAY610243025523
:61:241029D15346,50S103QPAY610243025571
:61:241029D110000,00S103QPAY610243025614
:61:241029D88637,52S103QPAY610243025649
:61:241029D286185,50S103QPAY610243025697
:61:241029D72704,69S103QPAY610243025753
:61:241029D7380,09S103QPAY610243025780
:61:241029D158741,97S103QPAY610243025885
:61:241029D49124,10S103QPAY610243025907
:61:241029D37652,46S103QPAY610243025919
:61:241029D34465,90S103QPAY610243025943
:62F:C241029BDT76386672,91
-}{5:{CHK:441044128D3D}}                                                                                                                                                          {1:F21AGBKBDDHA0995762848605}{4:{177:2410301408}{451:0}}{1:F01AGBKBDDHA0995762848605}{2:I950NCBKSAJEXXXXN}{4:
:20:FRGII/ST/241029
:25:NRT7055
:28C:10/286
:60F:C241029BDT76386672,91
:61:241029D2600,24S103QPAY610243025989
:61:241029D21719,63S103QPAY610243026036
:61:241029D90000,00S103QPAY610243026046
:61:241029D10000,00S103QPAY610243026104
:61:241029D85450,95S103QPAY610243026111
:61:241029D40839,03S103QPAY610243026155
:61:241029D50398,73S103QPAY610243026166
:61:241029D18533,07S103QPAY610243026229
:61:241029D24906,20S103QPAY610243026275
:61:241029D2600,24S103QPAY610243026405
:61:241029D31279,33S103QPAY610243026563
:61:241029D47212,16S103QPAY610243026572
:61:241029D104570,35S103QPAY610243026575
:61:241029D2600,24S103QPAY610243026593
:61:241029D111529,81S103QPAY610243026652
:61:241029D5786,80S103QPAY610243026803
:61:241029D50398,73S103QPAY610243026805
:61:241029D121236,09S103QPAY610243026865
:61:241029D5786,80S103QPAY610243026879
:61:241029D2600,24S103QPAY610243027168
:61:241029D59958,43S103QPAY610243027232
:61:241029D241592,69S103QPAY610243027236
:61:241029D28679,09S103QPAY610243027349
:61:241029D101383,78S103QPAY610243027429
:61:241029D42432,31S103QPAY610243027534
:61:241029D56867,46S103QPAY610243027641
:61:241029D31852,91S103QPAY610243027687
:61:241029D5786,80S103QPAY610243027711
:62F:C241029BDT74988070,80
-}{5:{CHK:67B7ECE10549}}                                                                                                                                                      {1:F21AGBKBDDHA0995762848607}{4:{177:2410301408}{451:0}}{1:F01AGBKBDDHA0995762848607}{2:I950NCBKSAJEXXXXN}{4:
:20:FRGII/ST/241029
:25:NRT7055
:28C:10/287
:60F:C241029BDT74988070,80
:61:241029D80000,00S103QPAY610243027712
:61:241029D40839,03S103QPAY610243027783
:61:241029D28092,77S103QPAY610243027835
:61:241029D95010,65S103QPAY610243027848
:61:241029D15346,50S103QPAY610243027876
:61:241029D31865,66S103QPAY610243027892
:61:241029D9559,70S103QPAY610243027994
:61:241029D24906,20S103QPAY610243028059
:61:241029D10566,65S103QPAY610243028105
:61:241029D2900,00S103QPAY610243028117
:61:241029D5786,80S103QPAY610243028138
:61:241029D5786,80S103QPAY610243028142
:61:241029D37652,46S103QPAY610243028170
:61:241029D15346,50S103QPAY610243028181
:61:241029D5786,80S103QPAY610243028255
:61:241029D100427,81S103QPAY610243028298
:61:241029D174674,80S103QPAY610243028299
:61:241029D15346,50S103QPAY610243028340
:61:241029D223059,62S103QPAY610243028385
:61:241029D2600,24S103QPAY610243028448
:61:241029D40839,03S103QPAY610243028581
:61:241029D34465,90S103QPAY610243028593
:61:241029D15346,50S103QPAY610243028729
:61:241029D18533,07S103QPAY610243028826
:61:241029D7380,09S103QPAY610243028843
:61:241029D2600,24S103QPAY610243028991
:61:241029D31279,33S103QPAY610243029149
:61:241029D97559,90S103QPAY610243029158
:62F:C241029BDT73814511,25
-}{5:{CHK:22A29103BA0A}}                                                                                                                                                         {1:F21AGBKBDDHA0995762848612}{4:{177:2410301409}{451:0}}{1:F01AGBKBDDHA0995762848612}{2:I950NCBKSAJEXXXXN}{4:
:20:FRGII/ST/241029
:25:NRT7055
:28C:10/289
:60F:C241029BDT72291796,36
:61:241029D6371,90S103QPAY828243024545
:61:241029D35045,47S103QPAY828243024741
:61:241029D55000,00S103QPAY828243026138
:61:241029D1593,18S103QPAY828243026286
:61:241029D20000,00S103QPAY828243026491
:61:241029D98187,75S103QPAY828243026578
:61:241029D50000,00S103QPAY828243026635
:61:241029D101374,01S103QPAY828243026711
:61:241029D12158,76S103QPAY828243026998
:61:241029D40465,49S103QPAY828243027019
:61:241029D43065,47S103QPAY828243027028
:61:241029D20000,00S103QPAY828243027471
:61:241029D50393,87S103QPAY828243027638
:61:241029D3186,26S103QPAY828243027890
:61:241029D50980,14S103QPAY828243027929
:61:241029D25490,07S103QPAY828243027986
:61:241029D50393,87S103QPAY828243028090
:61:241029D90808,37S103QPAY828243028245
:61:241029D34462,57S103QPAY828243028964
:61:241029D15931,29S103QPAY828243029019
:61:241029D31862,59S103QPAY828243029040
:61:241029D31276,32S103QPAY828243029330
:61:241029D36004,72S103QPAY828243029504
:61:241029D32213,08S103QPAY828243029621
:61:241029D101960,28S103QPAY828243029870
:61:241029D117000,00S103QPAY829243015524
:61:241029D44603,32S103QPAY829243016086
:61:241029D10513,64S103QPAY829243018322
:62F:C241029BDT71081453,94
-}{5:{CHK:380F533E7415}}                                                                                                                                                    {1:F21AGBKBDDHA0995762848613}{4:{177:2410301409}{451:0}}{1:F01AGBKBDDHA0995762848613}{2:I950NCBKSAJEXXXXN}{4:
:20:FRGII/ST/241029
:25:NRT7055
:28C:10/290
:60F:C241029BDT71081453,94
:61:241029D26445,95S103QPAY829243020029
:61:241029D50978,50S103QPAY829243020145
:61:241029D30268,49S103QPAY829243020218
:61:241029D41425,36S103QPAY829243020295
:61:241029D31865,66S103QPAY829243020376
:61:241029D62000,00S103QPAY829243020412
:61:241029D61551,71S103QPAY829243020514
:61:241029D12108,95S103QPAY829243020584
:61:241029D100000,00S103QPAY829243020621
:61:241029D50985,06S103QPAY829243020631
:61:241029D30017,45S103QPAY829243020637
:61:241029D50985,06S103QPAY829243020660
:61:241029D3186,57S103QPAY829243020858
:61:241029D6373,13S103QPAY829243020871
:61:241029D35421,87S103QPAY829243021190
:61:241029D100376,83S103QPAY829243021355
:61:241029D40469,39S103QPAY829243021387
:61:241029D48435,80S103QPAY829243021648
:61:241029D40000,00S103QPAY829243021713
:61:241029D1720,75S103QPAY829243021753
:61:241029D60000,00S103QPAY829243022123
:61:241029D63731,32S103QPAY829243022257
:61:241029D54000,00S103QPAY829243022297
:61:241029D100376,83S103QPAY829243022433
:61:241029D44611,92S103QPAY829243022733
:61:241029D42000,00S103QPAY829243022742
:61:241029D50398,73S103QPAY829243022926
:61:241029D31279,33S103QPAY829243023126
:62F:C241029BDT69810439,28
-}{5:{CHK:4D41221A398B}}                                                                                                                                                    {1:F21AGBKBDDHA0995762848615}{4:{177:2410301409}{451:0}}{1:F01AGBKBDDHA0995762848615}{2:I950NCBKSAJEXXXXN}{4:
:20:FRGII/ST/241029
:25:NRT7055
:28C:10/291
:60F:C241029BDT69810439,28
:61:241029D101383,78S103QPAY829243023518
:61:241029D63144,99S103QPAY829243023578
:61:241029D53967,68S103QPAY829243023588
:61:241029D20139,10S103QPAY829243023833
:61:241029D7794,34S103QPAY829243023860
:61:241029D50000,00S103QPAY829243024061
:61:241029D2600,24S103QPAY829243024149
:61:241029D30000,00S103QPAY829243024407
:61:241029D34414,91S103QPAY829243024454
:61:241029D39832,07S103QPAY829243024515
:61:241029D254338,95S103QPAY829243024645
:61:241029D33255,00S103QPAY829243024795
:61:241029D225000,00S103QPAY829243025090
:61:241029D39245,75S103QPAY829243025432
:61:241029D28092,77S103QPAY829243025538
:61:241029D3186,57S103QPAY829243025540
:61:241029D50000,00S103QPAY829243025584
:61:241029D50000,00S103QPAY829243025659
:61:241029D2549,25S103QPAY829243025860
:61:241029D30000,00S103QPAY829243025886
:61:241029D27000,00S103QPAY829243026291
:61:241029D20126,35S103QPAY829243026455
:61:241029D60000,00S103QPAY829243026510
:61:241029D52578,34S103QPAY829243026679
:61:241029D70104,45S103QPAY829243026700
:61:241029D3186,57S103QPAY829243026847
:61:241029D32904,48S103QPAY829243026928
:61:241029D31865,66S103QPAY829243026995
:62F:C241029BDT68393728,03
-}{5:{CHK:DF1D85A52B24}}                                                                                                                                                      {1:F21AGBKBDDHA0995762848616}{4:{177:2410301409}{451:0}}{1:F01AGBKBDDHA0995762848616}{2:I950NCBKSAJEXXXXN}{4:
:20:FRGII/ST/241029
:25:NRT7055
:28C:10/292
:60F:C241029BDT68393728,03
:61:241029D31228,35S103QPAY829243027218
:61:241029D39832,07S103QPAY829243027254
:61:241029D20712,68S103QPAY829243027270
:61:241029D89223,85S103QPAY829243028018
:61:241029D100376,83S103QPAY829243028479
:61:241029D63731,32S103QPAY829243029065
:61:241029D21719,63S103QPAY829243029153
:61:241029D21719,63S103QPAY829243029274
:61:241029D6373,13S103QPAY829243029394
:61:241029D2600,24S103QPAY829243029818
:61:241029D200000,00S103QPAY830243011258
:61:241029D6371,90S103QPAY830243011478
:61:241029D92392,60S103QPAY830243011573
:61:241029D20135,21S103QPAY830243011619
:61:241029D28087,35S103QPAY830243011751
:61:241029D53065,21S103QPAY830243012157
:61:241029D49700,85S103QPAY830243012243
:61:241029D27080,59S103QPAY830243012419
:61:241029D16885,54S103QPAY830243012515
:61:241029D35064,58S103QPAY830243012561
:61:241029D31859,52S103QPAY830243012665
:61:241029D44603,32S103QPAY830243013451
:61:241029D2599,74S103QPAY830243013566
:61:241029D50000,00S103QPAY830243013651
:61:241029D26448,50S103QPAY830243020056
:61:241029D76477,58S103QPAY830243020188
:61:241029D38238,79S103QPAY830243020255
:61:241029D20394,02S103QPAY830243020517
:62F:C241029BDT67176805,00
-}{5:{CHK:2C7355AE1F3A}}                                                                                                                                                      {1:F21AGBKBDDHA0995762848617}{4:{177:2410301410}{451:0}}{1:F01AGBKBDDHA0995762848617}{2:I950NCBKSAJEXXXXN}{4:
:20:FRGII/ST/241029
:25:NRT7055
:28C:10/293
:60F:C241029BDT67176805,00
:61:241029D85399,97S103QPAY830243020653
:61:241029D43974,61S103QPAY830243020821
:61:241029D71156,02S103QPAY830243020898
:61:241029D8973,37S103QPAY830243020902
:61:241029D50000,00S103QPAY830243020951
:61:241029D30000,00S103QPAY830243021016
:61:241029D87630,56S103QPAY830243021124
:61:241029D16939,78S103QPAY830243021260
:61:241029D158741,97S103QPAY830243021281
:61:241029D210313,34S103QPAY830243021438
:61:241029D8922,38S103QPAY830243021586
:61:241029D95596,98S103QPAY830243021607
:61:241029D2599,99S103QPAY880243020142
:61:241029D45000,00S103QPAY880243020147
:62F:C241029BDT66261556,03
-}{5:{CHK:54E65C91458E}}                                                                                                                                                                                                                   {1:F21AGBKBDDHA0995762848618}{4:{177:2410301417}{451:0}}{1:F01AGBKBDDHA0995762848618}{2:I199TRCKCHZZXXXXN}{3:{121:03cbdd32-1c1e-43ae-a4d5-80ca8b3f9f92}}{4:
:20:ABL.20
:21:FT24303040905065
:79://2410301415+0600
//ACCC
//AGBKBDDH099
//BDT61713,15
-}{5:{MAC:00000000}{CHK:771493C01EAA}}                                                                                                                                                                                                                            {1:F21AGBKBDDHA0995762848619}{4:{177:2410301418}{451:0}}{1:F01AGBKBDDHA0995762848619}{2:I199TRCKCHZZXXXXN}{3:{121:05c8c9d5-44f1-4d5e-aeff-38658fd9249f}}{4:
:20:ABL.20
:21:FT24303801601135
:79://2410301415+0600
//ACCC
//AGBKBDDH099
//BDT42560,79
-}{5:{MAC:00000000}{CHK:8300DACCC2BA}}                                                                                                                                                                                                                            {1:F21AGBKBDDHA0995762848620}{4:{177:2410301418}{451:0}}{1:F01AGBKBDDHA0995762848620}{2:I199TRCKCHZZXXXXN}{3:{121:3f13740d-7d36-4750-b0ce-1a71a68bf348}}{4:
:20:ABL.20
:21:FT24303784411087
:79://2410301415+0600
//ACCC
//AGBKBDDH099
//BDT79404,47
-}{5:{MAC:00000000}{CHK:A920DF2562FA}}                                                                                                                                                                                                                            {1:F21AGBKBDDHA0995762848621}{4:{177:2410301418}{451:0}}{1:F01AGBKBDDHA0995762848621}{2:I199TRCKCHZZXXXXN}{3:{121:19e7c3a1-c09f-45fb-833d-506b5ba5e883}}{4:
:20:ABL.20
:21:FT24302094821171
:79://2410301415+0600
//ACCC
//AGBKBDDH099
//BDT18612,41
-}{5:{MAC:00000000}{CHK:7118F7D1AACA}}                                                                                                                                                                                                                            {1:F21AGBKBDDHA0995762848622}{4:{177:2410301418}{451:0}}{1:F01AGBKBDDHA0995762848622}{2:I199TRCKCHZZXXXXN}{3:{121:2dbd2cff-1ead-4b5f-9319-741bb59d4b39}}{4:
:20:ABL.20
:21:FT24302411025282
:79://2410301415+0600
//ACCC
//AGBKBDDH099
//BDT59394,54
-}{5:{MAC:00000000}{CHK:E316A3404282}}                                                                                                                                                                                                                            {1:F21AGBKBDDHA0995762848623}{4:{177:2410301418}{451:0}}{1:F01AGBKBDDHA0995762848623}{2:I199TRCKCHZZXXXXN}{3:{121:503f00b1-4f8a-4ed5-b1f9-2b84184a5563}}{4:
:20:ABL.20
:21:PO43751122704033
:79://2410301415+0600
//ACCC
//AGBKBDDH099
//BDT30215,32
-}{5:{MAC:00000000}{CHK:07BA9AA1165A}}                                                                                                                                                                                                                            {1:F21AGBKBDDHA0995762848624}{4:{177:2410301418}{451:0}}{1:F01AGBKBDDHA0995762848624}{2:I199TRCKCHZZXXXXN}{3:{121:acfa390c-009f-4fe0-ae1e-b134a99540c8}}{4:
:20:ABL.20
:21:FT24301025786832
:79://2410301415+0600
//ACCC
//AGBKBDDH099
//BDT34937,97
-}{5:{MAC:00000000}{CHK:9384DB489EC2}}                                                                                                                                                                                                                            {1:F21AGBKBDDHA0995762848625}{4:{177:2410301418}{451:0}}{1:F01AGBKBDDHA0995762848625}{2:I199TRCKCHZZXXXXN}{3:{121:68626de6-318e-4fb9-9389-43d230c449f8}}{4:
:20:ABL.20
:21:FT24301372321697
:79://2410301415+0600
//ACCC
//AGBKBDDH099
//BDT31761,79
-}{5:{MAC:00000000}{CHK:CF2C93DC869A}}                                                                                                                                                                                                                            {1:F21AGBKBDDHA0995762848626}{4:{177:2410301418}{451:0}}{1:F01AGBKBDDHA0995762848626}{2:I199TRCKCHZZXXXXN}{3:{121:3d62b3eb-bd7c-4acc-ae74-33478b96e9ed}}{4:
:20:ABL.20
:21:FT24299033003294
:79://2410301415+0600
//ACCC
//AGBKBDDH099
//BDT317,62
-}{5:{MAC:00000000}{CHK:2B956A62D957}}                                                                                                                                                                                                                              {1:F21AGBKBDDHA0995762848627}{4:{177:2410301418}{451:0}}{1:F01AGBKBDDHA0995762848627}{2:I199TRCKCHZZXXXXN}{3:{121:cd0b9424-ca42-425e-ae80-912e5a93a114}}{4:
:20:ABL.20
:21:FT24300784120204
:79://2410301415+0600
//ACCC
//AGBKBDDH099
//BDT76228,29
-}{5:{MAC:00000000}{CHK:F530B70DD2E2}}                                                                                                                                                                                                                            {1:F21AGBKBDDHA0995762070459}{4:{177:2410301501}{451:0}}{1:F01AGBKBDDHA0995762070459}{2:O1991201241030ALBISARIAXXX79606829382410301501N}{3:{108:E199241030AKDXNE}{433:/AOK/EXCLUDED}}{4:
:20:10006743.2024
:79:KINDLY EFFECT THE BELOW MENTIONED
TRANSFER WITH THE FOLLOWING DETAILS
VALUE DATE       30/10/2024
SETTLEMENT NO    00005
FILE NAME        10006743.20241030.00005.TXT
FILE HASH TOTAL           476,749.04
ITEM NO  CCY           AMOUNT
.
0000008  BDT              476,749.04
.
PLEASE BE INFORMED THAT WE ALREADY
CREDITED TO YOUR ACCOUNT WITH THE
ABOVE MENTIONED AMOUNT AND FOR ANY
DESCREPENCIES PLEASE CALL US AT
(0099661)4798916 OR SEND FAX TO
4798918 AND ATTENTION IT TO
SAMI AL-SWADI
HEAD OF REMITTANCES UNIT
THANKS AND REGARDS
BANK ALBILAD
RIYADH
-}{5:{MAC:00000000}{CHK:B24A2C1C487B}}{S:{SAC:}{COP:P}}                                                                                                                                                                                             {1:F21AGBKBDDHA0995762070485}{4:{177:2410301601}{451:0}}{1:F01AGBKBDDHA0995762070485}{2:O1991301241030ALBISARIAXXX79606831552410301601N}{3:{108:E199241030AKDYN2}{433:/AOK/EXCLUDED}}{4:
:20:10006743.2024
:79:KINDLY EFFECT THE BELOW MENTIONED
TRANSFER WITH THE FOLLOWING DETAILS
VALUE DATE       30/10/2024
SETTLEMENT NO    00006
FILE NAME        10006743.20241030.00006.TXT
FILE HASH TOTAL           237,993.29
ITEM NO  CCY           AMOUNT
.
0000004  BDT              237,993.29
.
PLEASE BE INFORMED THAT WE ALREADY
CREDITED TO YOUR ACCOUNT WITH THE
ABOVE MENTIONED AMOUNT AND FOR ANY
DESCREPENCIES PLEASE CALL US AT
(0099661)4798916 OR SEND FAX TO
4798918 AND ATTENTION IT TO
SAMI AL-SWADI
HEAD OF REMITTANCES UNIT
THANKS AND REGARDS
BANK ALBILAD
RIYADH
-}{5:{MAC:00000000}{CHK:28339A1C59D8}}{S:{SAC:}{COP:P}}                                                                                                                                                                                             {1:F21AGBKBDDHA0995762070512}{4:{177:2410301701}{451:0}}{1:F01AGBKBDDHA0995762070512}{2:O1991401241030ALBISARIAXXX79606834912410301701N}{3:{108:E199241030AKDZOH}{433:/AOK/EXCLUDED}}{4:
:20:10006743.2024
:79:KINDLY EFFECT THE BELOW MENTIONED
TRANSFER WITH THE FOLLOWING DETAILS
VALUE DATE       30/10/2024
SETTLEMENT NO    00007
FILE NAME        10006743.20241030.00007.TXT
FILE HASH TOTAL           664,159.22
ITEM NO  CCY           AMOUNT
.
0000009  BDT              664,159.22
.
PLEASE BE INFORMED THAT WE ALREADY
CREDITED TO YOUR ACCOUNT WITH THE
ABOVE MENTIONED AMOUNT AND FOR ANY
DESCREPENCIES PLEASE CALL US AT
(0099661)4798916 OR SEND FAX TO
4798918 AND ATTENTION IT TO
SAMI AL-SWADI
HEAD OF REMITTANCES UNIT
THANKS AND REGARDS
BANK ALBILAD
RIYADH
-}{5:{MAC:00000000}{CHK:3E53289DE0A2}}{S:{SAC:}{COP:P}}                                                                                                                                                                                             {1:F21AGBKBDDHA0995762070555}{4:{177:2410301801}{451:0}}{1:F01AGBKBDDHA0995762070555}{2:O1991501241030ALBISARIAXXX79606837822410301801N}{3:{108:E199241030AKE0SZ}{433:/AOK/EXCLUDED}}{4:
:20:10006743.2024
:79:KINDLY EFFECT THE BELOW MENTIONED
TRANSFER WITH THE FOLLOWING DETAILS
VALUE DATE       30/10/2024
SETTLEMENT NO    00008
FILE NAME        10006743.20241030.00008.TXT
FILE HASH TOTAL           727,262.81
ITEM NO  CCY           AMOUNT
.
0000013  BDT              727,262.81
.
PLEASE BE INFORMED THAT WE ALREADY
CREDITED TO YOUR ACCOUNT WITH THE
ABOVE MENTIONED AMOUNT AND FOR ANY
DESCREPENCIES PLEASE CALL US AT
(0099661)4798916 OR SEND FAX TO
4798918 AND ATTENTION IT TO
SAMI AL-SWADI
HEAD OF REMITTANCES UNIT
THANKS AND REGARDS
BANK ALBILAD
RIYADH
-}{5:{MAC:00000000}{CHK:BA1D66C230F2}}{S:{SAC:}{COP:P}}                                                                                                                                                                                             {1:F21AGBKBDDHA0995762070597}{4:{177:2410301901}{451:0}}{1:F01AGBKBDDHA0995762070597}{2:O1991601241030ALBISARIAXXX79606840602410301901N}{3:{108:E199241030AKE7G2}{433:/AOK/EXCLUDED}}{4:
:20:10006743.2024
:79:KINDLY EFFECT THE BELOW MENTIONED
TRANSFER WITH THE FOLLOWING DETAILS
VALUE DATE       30/10/2024
SETTLEMENT NO    00009
FILE NAME        10006743.20241030.00009.TXT
FILE HASH TOTAL           601,998.97
ITEM NO  CCY           AMOUNT
.
0000005  BDT              601,998.97
.
PLEASE BE INFORMED THAT WE ALREADY
CREDITED TO YOUR ACCOUNT WITH THE
ABOVE MENTIONED AMOUNT AND FOR ANY
DESCREPENCIES PLEASE CALL US AT
(0099661)4798916 OR SEND FAX TO
4798918 AND ATTENTION IT TO
SAMI AL-SWADI
HEAD OF REMITTANCES UNIT
THANKS AND REGARDS
BANK ALBILAD
RIYADH
-}{5:{MAC:00000000}{CHK:34735BE97004}}{S:{SAC:}{COP:P}}                                                                                                                                                                                             {1:F21AGBKBDDHA0995763070637}{4:{177:2410310850}{451:0}}{1:F01AGBKBDDHA0995763070637}{2:O1991701241030ALBISARIAXXX79606845322410310850N}{3:{108:E199241030AKE834}{433:/AOK/EXCLUDED}}{4:
:20:10006743.2024
:79:KINDLY EFFECT THE BELOW MENTIONED
TRANSFER WITH THE FOLLOWING DETAILS
VALUE DATE       30/10/2024
SETTLEMENT NO    00010
FILE NAME        10006743.20241030.00010.TXT
FILE HASH TOTAL           379,510.85
ITEM NO  CCY           AMOUNT
.
0000008  BDT              379,510.85
.
PLEASE BE INFORMED THAT WE ALREADY
CREDITED TO YOUR ACCOUNT WITH THE
ABOVE MENTIONED AMOUNT AND FOR ANY
DESCREPENCIES PLEASE CALL US AT
(0099661)4798916 OR SEND FAX TO
4798918 AND ATTENTION IT TO
SAMI AL-SWADI
HEAD OF REMITTANCES UNIT
THANKS AND REGARDS
BANK ALBILAD
RIYADH
-}{5:{MAC:00000000}{CHK:3103E80D9803}{DLM:}}{S:{SAC:}{COP:P}}                                                                                                                                                                                       {1:F21AGBKBDDHA0995763070656}{4:{177:2410310850}{451:0}}{1:F01AGBKBDDHA0995763070656}{2:O1991801241030ALBISARIAXXX79606847572410310850N}{3:{108:E199241030AKE8H2}{433:/AOK/EXCLUDED}}{4:
:20:10006743.2024
:79:KINDLY EFFECT THE BELOW MENTIONED
TRANSFER WITH THE FOLLOWING DETAILS
VALUE DATE       30/10/2024
SETTLEMENT NO    00011
FILE NAME        10006743.20241030.00011.TXT
FILE HASH TOTAL           476,923.75
ITEM NO  CCY           AMOUNT
.
0000006  BDT              476,923.75
.
PLEASE BE INFORMED THAT WE ALREADY
CREDITED TO YOUR ACCOUNT WITH THE
ABOVE MENTIONED AMOUNT AND FOR ANY
DESCREPENCIES PLEASE CALL US AT
(0099661)4798916 OR SEND FAX TO
4798918 AND ATTENTION IT TO
SAMI AL-SWADI
HEAD OF REMITTANCES UNIT
THANKS AND REGARDS
BANK ALBILAD
RIYADH
-}{5:{MAC:00000000}{CHK:3270A435C844}{DLM:}}{S:{SAC:}{COP:P}}                                                                                                                                                                                       {1:F21AGBKBDDHA0995763070661}{4:{177:2410310850}{451:0}}{1:F01AGBKBDDHA0995763070661}{2:O1991901241030ALBISARIAXXX79606848372410310850N}{3:{108:E199241030AKE8Q8}{433:/AOK/EXCLUDED}}{4:
:20:10006743.2024
:79:KINDLY EFFECT THE BELOW MENTIONED
TRANSFER WITH THE FOLLOWING DETAILS
VALUE DATE       30/10/2024
SETTLEMENT NO    00012
FILE NAME        10006743.20241030.00012.TXT
FILE HASH TOTAL            74,004.97
ITEM NO  CCY           AMOUNT
.
0000003  BDT               74,004.97
.
PLEASE BE INFORMED THAT WE ALREADY
CREDITED TO YOUR ACCOUNT WITH THE
ABOVE MENTIONED AMOUNT AND FOR ANY
DESCREPENCIES PLEASE CALL US AT
(0099661)4798916 OR SEND FAX TO
4798918 AND ATTENTION IT TO
SAMI AL-SWADI
HEAD OF REMITTANCES UNIT
THANKS AND REGARDS
BANK ALBILAD
RIYADH
-}{5:{MAC:00000000}{CHK:77CF6993782E}{DLM:}}{S:{SAC:}{COP:P}}                                                                                                                                                                                       {1:F21AGBKBDDHA0995763070664}{4:{177:2410310850}{451:0}}{1:F01AGBKBDDHA0995763070664}{2:O1031933241030ALBISARIAXXX79606848852410310850N}{3:{108:E103241030AKE8VJ}{121:eace182b-9867-47ac-a2b5-0f4efaae8f70}{433:/AOK/NO HIT DETECTED}}{4:
:20:FT24304440396437
:23B:CRED
:32A:241030BDT150000,00
:50K:/SA9715000900672017850001
MOHAMMAD NAZMUL HASAN
RIYADH-Saudi Arabia
DOB 1995 AUG 11- POB BD
:52A:ALBISARI
:57A:AGBKBDDH033
:59:/0200012311740
DUDU MIAH MATBAR
:70:PURCHASE OF PROPERTIES
LAND PROPERTIES PAYMENT
:71A:SHA
-}{5:{MAC:00000000}{CHK:8D3AFD9A057A}{DLM:}}{S:{SAC:}{COP:P}}                                                                                                                                                                                                                                                                                                                                                                                                                                                 {1:F21AGBKBDDHA0995763070668}{4:{177:2410310850}{451:0}}{1:F01AGBKBDDHA0995763070668}{2:O1992001241030ALBISARIAXXX79606849032410310850N}{3:{108:E199241030AKE8XX}{433:/AOK/EXCLUDED}}{4:
:20:10006743.2024
:79:KINDLY EFFECT THE BELOW MENTIONED
TRANSFER WITH THE FOLLOWING DETAILS
VALUE DATE       30/10/2024
SETTLEMENT NO    00013
FILE NAME        10006743.20241030.00013.TXT
FILE HASH TOTAL            78,324.91
ITEM NO  CCY           AMOUNT
.
0000003  BDT               78,324.91
.
PLEASE BE INFORMED THAT WE ALREADY
CREDITED TO YOUR ACCOUNT WITH THE
ABOVE MENTIONED AMOUNT AND FOR ANY
DESCREPENCIES PLEASE CALL US AT
(0099661)4798916 OR SEND FAX TO
4798918 AND ATTENTION IT TO
SAMI AL-SWADI
HEAD OF REMITTANCES UNIT
THANKS AND REGARDS
BANK ALBILAD
RIYADH
-}{5:{MAC:00000000}{CHK:BB43619D688E}{DLM:}}{S:{SAC:}{COP:P}}                                                                                                                                                                                       {1:F21AGBKBDDHA0995763070675}{4:{177:2410310850}{451:0}}{1:F01AGBKBDDHA0995763070675}{2:O1992131241030ALBISARIAXXX79606849732410310850N}{3:{108:E199241030AKE9GX}{433:/AOK/EXCLUDED}}{4:
:20:10006743.2024
:79:KINDLY EFFECT THE BELOW MENTIONED
TRANSFER WITH THE FOLLOWING DETAILS
VALUE DATE       30/10/2024
SETTLEMENT NO    00014
FILE NAME        10006743.20241030.00014.TXT
FILE HASH TOTAL            78,483.37
ITEM NO  CCY           AMOUNT
.
0000001  BDT               78,483.37
.
PLEASE BE INFORMED THAT WE ALREADY
CREDITED TO YOUR ACCOUNT WITH THE
ABOVE MENTIONED AMOUNT AND FOR ANY
DESCREPENCIES PLEASE CALL US AT
(0099661)4798916 OR SEND FAX TO
4798918 AND ATTENTION IT TO
SAMI AL-SWADI
HEAD OF REMITTANCES UNIT
THANKS AND REGARDS
BANK ALBILAD
RIYADH
-}{5:{MAC:00000000}{CHK:755E89BB9867}{DLM:}}{S:{SAC:}{COP:P}}                                                                                                                                                                                       {1:F21AGBKBDDHA0995763070704}{4:{177:2410310851}{451:0}}{1:F01AGBKBDDHA0995763070704}{2:O1992301241030ALBISARIAXXX79606850592410310851N}{3:{108:E199241030AKE9MX}{433:/AOK/EXCLUDED}}{4:
:20:10006743.2024
:79:KINDLY EFFECT THE BELOW MENTIONED
TRANSFER WITH THE FOLLOWING DETAILS
VALUE DATE       30/10/2024
SETTLEMENT NO    00015
FILE NAME        10006743.20241030.00015.TXT
FILE HASH TOTAL           247,109.34
ITEM NO  CCY           AMOUNT
.
0000002  BDT              247,109.34
.
PLEASE BE INFORMED THAT WE ALREADY
CREDITED TO YOUR ACCOUNT WITH THE
ABOVE MENTIONED AMOUNT AND FOR ANY
DESCREPENCIES PLEASE CALL US AT
(0099661)4798916 OR SEND FAX TO
4798918 AND ATTENTION IT TO
SAMI AL-SWADI
HEAD OF REMITTANCES UNIT
THANKS AND REGARDS
BANK ALBILAD
RIYADH
-}{5:{MAC:00000000}{CHK:31D12D8C107E}{DLM:}}{S:{SAC:}{COP:P}}                                                                                                                                                                                       {1:F21AGBKBDDHA0995763070798}{4:{177:2410310852}{451:0}}{1:F01AGBKBDDHA0995763070798}{2:O1031907241030RJHISARIAXXX88925931942410310852N}{3:{113:NORM}{108:RJPHS24304000BBD}{121:4c2eff13-9156-43cf-a546-78495eddd940}{433:/FPO/FALSE POSITIVE}}{4:
:20:437839815
:23B:CRED
:32A:241030BDT100036,36
:33B:BDT100036,36
:50K:/4068425
ABDUL KADER ABDUL SATTAR
SLEMANIAH ALRIYADH/01/SA/31923
NAT/BD ID/02200669675
DOB.1980-02-16 POB.BD
:57A:BSONBDDH
:59:/4447934078252
SALAHA NO LAST NAME
BANG/00/00 BANG 001 BAMNG 00
BD/BAMNG/00
NAT/BD 
:70:/25/Family Expenses
:71A:SHA
:71F:SAR35,65
-}{5:{MAC:00000000}{CHK:ADD5EEE73534}{DLM:}}{S:{SAC:}{COP:P}}                                                                                                                                                                                                                                                                                                                                                                                  {1:F21AGBKBDDHA0995763070803}{4:{177:2410310852}{451:0}}{1:F01AGBKBDDHA0995763070803}{2:O1031712241030RJHISARIAXXX88925924222410310852N}{3:{121:14a46372-074b-4e24-85c9-1ba106ef406e}{433:/FPO/FALSE POSITIVE}}{4:
:20:PO43785267404033
:23B:CRED
:32A:241030BDT41357,81
:50K:/187000010006080140387
MUTEB MOHAMMED NAJEEB ALJUBAYR
DAMMAM 001 32514 PO BOX 000001
:53B:/7009
:57D:00855 - AGRANI BANK LIMITED
           GRAM DONTOFRY
:59:/0200014729882
MD KHALIL MIA
BANG
:70:Family Expenses
:71A:SHA
-}{5:{MAC:00000000}{CHK:7EEF771E0C74}{DLM:}}{S:{SAC:}{COP:P}}                                                                                                                                                                                                                                                                                                                                                                                                                                                                       